@article{ravi2016deep,
    title={Deep learning for health informatics},
    author={Rav{\`\i}, Daniele and Wong, Charence and Deligianni, Fani and Berthelot, Melissa and Andreu-Perez, Javier and Lo, Benny and Yang, Guang-Zhong},
    journal={IEEE journal of biomedical and health informatics},
    volume={21},
    number={1},
    pages={4--21},
    year={2016},
    publisher={IEEE}
}

@inproceedings{li2017deep,
    title={Deep learning model to estimate air pollution using M-BP to fill in missing proxy urban data},
    author={Li, Victor OK and Lam, Jacqueline CK and Chen, Yun and Gu, Jiatao},
    booktitle={GLOBECOM 2017-2017 IEEE Global Communications Conference},
    pages={1--6},
    year={2017},
    organization={IEEE}
}


@inproceedings{cordts2016cityscapes,
    title={The cityscapes dataset for semantic urban scene understanding},
    author={Cordts, Marius and Omran, Mohamed and Ramos, Sebastian and Rehfeld, Timo and Enzweiler, Markus and Benenson, Rodrigo and Franke, Uwe and Roth, Stefan and Schiele, Bernt},
    booktitle={Proceedings of the IEEE conference on computer vision and pattern recognition},
    pages={3213--3223},
    year={2016}
}

@article{gawehn2016deep,
    title={Deep learning in drug discovery},
    author={Gawehn, Erik and Hiss, Jan A and Schneider, Gisbert},
    journal={Molecular informatics},
    volume={35},
    number={1},
    pages={3--14},
    year={2016},
    publisher={Wiley Online Library}
}

@inproceedings{pang2017deepcity,
    title={DeepCity: A feature learning framework for mining location check-ins},
    author={Pang, Jun and Zhang, Yang},
    booktitle={Eleventh International AAAI Conference on Web and Social Media},
    year={2017}
}


@inproceedings{babenko2015aggregating,
    title={Aggregating local deep features for image retrieval},
    author={Babenko, Artem and Lempitsky, Victor},
    booktitle={Proceedings of the IEEE international conference on computer vision},
    pages={1269--1277},
    year={2015}
}

@InProceedings{Lin_2015_CVPR_Workshops,
    author = {Lin, Kevin and Yang, Huei-Fang and Hsiao, Jen-Hao and Chen, Chu-Song},
    title = {Deep Learning of Binary Hash Codes for Fast Image Retrieval},
    booktitle = {The IEEE Conference on Computer Vision and Pattern Recognition (CVPR) Workshops},
    month = {June},
    year = {2015}
} 

@inproceedings{varga2016fast,
    title={Fast content-based image retrieval using convolutional neural network and hash function},
    author={Varga, Domonkos and Szir{\'a}nyi, Tam{\'a}s},
    booktitle={2016 IEEE International Conference on Systems, Man, and Cybernetics (SMC)},
    pages={002636--002640},
    year={2016},
    organization={IEEE}
}


@article{maas2006green,
    title={Green space, urbanity, and health: how strong is the relation?},
    author={Maas, Jolanda and Verheij, Robert A and Groenewegen, Peter P and De Vries, Sjerp and Spreeuwenberg, Peter},
    journal={Journal of Epidemiology \& Community Health},
    volume={60},
    number={7},
    pages={587--592},
    year={2006},
    publisher={BMJ Publishing Group Ltd}
}


@article{burls2007people,
    title={People and green spaces: promoting public health and mental well-being through ecotherapy},
    author={Burls, Ambra},
    journal={Journal of public mental health},
    volume={6},
    number={3},
    pages={24--39},
    year={2007},
    publisher={Emerald Group Publishing Limited}
}

@article{gascon2015mental,
    title={Mental health benefits of long-term exposure to residential green and blue spaces: a systematic review},
    author={Gascon, Mireia and Triguero-Mas, Margarita and Mart{\'\i}nez, David and Dadvand, Payam and Forns, Joan and Plas{\`e}ncia, Antoni and Nieuwenhuijsen, Mark},
    journal={International journal of environmental research and public health},
    volume={12},
    number={4},
    pages={4354--4379},
    year={2015},
    publisher={Multidisciplinary Digital Publishing Institute}
}

@article{nutsford2013ecological,
    title={An ecological study investigating the association between access to urban green space and mental health},
    author={Nutsford, D and Pearson, AL and Kingham, S},
    journal={Public health},
    volume={127},
    number={11},
    pages={1005--1011},
    year={2013},
    publisher={Elsevier}
}


@article{takano2002urban,
    title={Urban residential environments and senior citizens’ longevity in megacity areas: the importance of walkable green spaces},
    author={Takano, Takehito and Nakamura, Keiko and Watanabe, Masafumi},
    journal={Journal of Epidemiology \& Community Health},
    volume={56},
    number={12},
    pages={913--918},
    year={2002},
    publisher={BMJ Publishing Group Ltd}
}


@article{tamosiunas2014accessibility,
    title={Accessibility and use of urban green spaces, and cardiovascular health: findings from a Kaunas cohort study},
    author={Tamosiunas, Abdonas and Grazuleviciene, Regina and Luksiene, Dalia and Dedele, Audrius and Reklaitiene, Regina and Baceviciene, Migle and Vencloviene, Jone and Bernotiene, Gailute and Radisauskas, Ricardas and Malinauskiene, Vilija and others},
    journal={Environmental Health},
    volume={13},
    number={1},
    pages={20},
    year={2014},
    publisher={BioMed Central}
}


@article{lee2011health,
    title={The health benefits of urban green spaces: a review of the evidence},
    author={Lee, Andrew CK and Maheswaran, Ravi},
    journal={Journal of public health},
    volume={33},
    number={2},
    pages={212--222},
    year={2011},
    publisher={Oxford University Press}
}


@article{wood2009evaluation,
    title={An evaluation of two United Kingdom online support forums designed to help people with gambling issues},
    author={Wood, Richard TA and Wood, Sabrina A},
    journal={Journal of Gambling Issues},
    number={23},
    pages={5--30},
    year={2009}
}

@inproceedings{de2013social,
    title={Social media as a measurement tool of depression in populations},
    author={De Choudhury, Munmun and Counts, Scott and Horvitz, Eric},
    booktitle={Proceedings of the 5th Annual ACM Web Science Conference},
    pages={47--56},
    year={2013},
    organization={ACM}
}


@article{doi:10.1177/104649647100200201,
    author = {Paul W. Holland and Samuel Leinhardt},
    title ={Transitivity in Structural Models of Small Groups},
    journal = {Comparative Group Studies},
    volume = {2},
    number = {2},
    pages = {107-124},
    year = {1971},
    doi = {10.1177/104649647100200201},
    
    URL = { 
    https://doi.org/10.1177/104649647100200201
    
    },
    eprint = { 
    https://doi.org/10.1177/104649647100200201
    
    }
    
}

@article{shizuka2012social,
    title={A social network perspective on measurements of dominance hierarchies},
    author={Shizuka, Daizaburo and McDonald, David B},
    journal={Animal Behaviour},
    volume={83},
    number={4},
    pages={925--934},
    year={2012},
    publisher={Elsevier}
}


@article{shizuka2015network,
    title={The network motif architecture of dominance hierarchies},
    author={Shizuka, Daizaburo and McDonald, David B},
    journal={Journal of the Royal Society Interface},
    volume={12},
    number={105},
    pages={20150080},
    year={2015},
    publisher={The Royal Society}
}


@article{wang2014triadic,
    title={Triadic evolution in a large-scale mobile phone network},
    author={Wang, Cheng and Lizardo, Omar and Hachen, David S},
    journal={Journal of Complex Networks},
    volume={3},
    number={2},
    pages={264--290},
    year={2014},
    publisher={Oxford University Press}
}



@incollection{holland1977method,
    title={A method for detecting structure in sociometric data},
    author={Holland, Paul W and Leinhardt, Samuel},
    booktitle={Social Networks},
    pages={411--432},
    year={1977},
    publisher={Elsevier}
}



@article{davis1967structure,
    title={The structure of positive interpersonal relations in small groups},
    author={Davis, James A and Leinhardt, Samuel},
    journal={Human relations},
    year={1967},
    publisher={ERIC}
}



@article{davis1967clustering,
    title={Clustering and structural balance in graphs},
    author={Davis, James A},
    journal={Human relations},
    volume={20},
    number={2},
    pages={181--187},
    year={1967},
    publisher={Sage Publications Sage CA: Thousand Oaks, CA}
}


@article{faust20077,
    title={7. Very Local Structure in Social Networks},
    author={Faust, Katherine},
    journal={Sociological Methodology},
    volume={37},
    number={1},
    pages={209--256},
    year={2007},
    publisher={SAGE Publications Sage CA: Los Angeles, CA}
}


@article{zhu2017semantic,
    title={Semantic relatedness and similarity of biomedical terms: examining the effects of recency, size, and section of biomedical publications on the performance of word2vec},
    author={Zhu, Yongjun and Yan, Erjia and Wang, Fei},
    journal={BMC medical informatics and decision making},
    volume={17},
    number={1},
    pages={95},
    year={2017},
    publisher={BioMed Central}
}

@inproceedings{de2014medical,
    title={Medical semantic similarity with a neural language model},
    author={De Vine, Lance and Zuccon, Guido and Koopman, Bevan and Sitbon, Laurianne and Bruza, Peter},
    booktitle={Proceedings of the 23rd ACM international conference on conference on information and knowledge management},
    pages={1819--1822},
    year={2014},
    organization={ACM}
}

@inproceedings{mihaylov2016semanticz,
    title={SemanticZ at SemEval-2016 Task 3: Ranking relevant answers in community question answering using semantic similarity based on fine-tuned word embeddings},
    author={Mihaylov, Todor and Nakov, Preslav},
    booktitle={Proceedings of the 10th International Workshop on Semantic Evaluation (SemEval-2016)},
    pages={879--886},
    year={2016}
}

@inproceedings{le2014distributed,
    title={Distributed representations of sentences and documents},
    author={Le, Quoc and Mikolov, Tomas},
    booktitle={International conference on machine learning},
    pages={1188--1196},
    year={2014}
}


@Inproceedings{languageChoudhury,
    author = {Choudhury, Munmun De and Kiciman, Emre},
    title = {The Language of Social Support in Social Media and its Effect on Suicidal Ideation Risk},
    booktitle = {Proceedings of the International Conference onÂ Web and Social Media (ICWSM)},
    year = {2017},
    month = {May},
    publisher = {AAAI},
    url = {https://www.microsoft.com/en-us/research/publication/language-social-support-social-media-effect-suicidal-ideation-risk/},
    edition = {ICWSM-17},
}

@article{burt2004structural,
    title={Structural holes and good ideas},
    author={Burt, Ronald S},
    journal={American journal of sociology},
    volume={110},
    number={2},
    pages={349--399},
    year={2004},
    publisher={The University of Chicago Press}
}

@book{burt2009structural,
    title={Structural holes: The social structure of competition},
    author={Burt, Ronald S},
    year={2009},
    publisher={Harvard university press}
}


@incollection{granovetter1977strength,
    title={The strength of weak ties},
    author={Granovetter, Mark S},
    booktitle={Social networks},
    pages={347--367},
    year={1977},
    publisher={Elsevier}
}

@article{coleman1988social,
    title={Social capital in the creation of human capital},
    author={Coleman, James S},
    journal={American journal of sociology},
    volume={94},
    pages={S95--S120},
    year={1988},
    publisher={University of Chicago Press}
}


@inproceedings{zhang2007expertise,
    title={Expertise networks in online communities: structure and algorithms},
    author={Zhang, Jun and Ackerman, Mark S and Adamic, Lada},
    booktitle={Proceedings of the 16th international conference on World Wide Web},
    pages={221--230},
    year={2007},
    organization={ACM}
}

@article{opsahl2008prominence,
    title={Prominence and control: the weighted rich-club effect},
    author={Opsahl, Tore and Colizza, Vittoria and Panzarasa, Pietro and Ramasco, Jose J},
    journal={Physical review letters},
    volume={101},
    number={16},
    pages={168702},
    year={2008},
    publisher={APS}
}

@article{zhou2004rich,
    title={The rich-club phenomenon in the Internet topology},
    author={Zhou, Shi and Mondrag{\'o}n, Ra{\'u}l J},
    journal={IEEE Communications Letters},
    volume={8},
    number={3},
    pages={180--182},
    year={2004},
    publisher={IEEE}
}


@article{albert2000error,
    title={Error and attack tolerance of complex networks},
    author={Albert, R{\'e}ka and Jeong, Hawoong and Barab{\'a}si, Albert-L{\'a}szl{\'o}},
    journal={nature},
    volume={406},
    number={6794},
    pages={378},
    year={2000},
    publisher={Nature Publishing Group}
}

@article{braunstein2016network,
    title={Network dismantling},
    author={Braunstein, Alfredo and Dall'Asta, Luca and Semerjian, Guilhem and Zdeborov{\'a}, Lenka},
    journal={Proceedings of the National Academy of Sciences},
    volume={113},
    number={44},
    pages={12368--12373},
    year={2016},
    publisher={National Acad Sciences}
}

@article{yagan2013conjoining,
    title={Conjoining speeds up information diffusion in overlaying social-physical networks},
    author={Yagan, Osman and Qian, Dajun and Zhang, Junshan and Cochran, Douglas},
    journal={IEEE Journal on Selected Areas in Communications},
    volume={31},
    number={6},
    pages={1038--1048},
    year={2013},
    publisher={IEEE}
}

@article{panzarasa2015emergence,
    title={Emergence of long-range correlations and bursty activity patterns in online communication},
    author={Panzarasa, Pietro and Bonaventura, Moreno},
    journal={Physical Review E},
    volume={92},
    number={6},
    pages={062821},
    year={2015},
    publisher={APS}
}


@article{li2012diffusion,
    title={A diffusion mechanism for social advertising over microblogs},
    author={Li, Yung-Ming and Shiu, Ya-Lin},
    journal={Decision Support Systems},
    volume={54},
    number={1},
    pages={9--22},
    year={2012},
    publisher={Elsevier}
}

@article{nambisan2011information,
    title={Information seeking and social support in online health communities: impact on patients' perceived empathy},
    author={Nambisan, Priya},
    journal={Journal of the American Medical Informatics Association},
    volume={18},
    number={3},
    pages={298--304},
    year={2011},
    publisher={BMJ Group BMA House, Tavistock Square, London, WC1H 9JR}
}

%----------Prime Contributions---------

@inproceedings{joglekar2017like,
    title={Like at First Sight: Understanding User Engagement with the World of Microvideos},
    author={Joglekar, Sagar and Sastry, Nishanth and Redi, Miriam},
    booktitle={International Conference on Social Informatics},
    pages={237--256},
    year={2017},
    organization={Springer}
}

@article{joglekar2018online,
    title={How online communities of people with long-term conditions function and evolve: Network analysis of the structure and dynamics of the asthma UK and British lung foundation online communities},
    author={Joglekar, Sagar and Sastry, Nishanth and Coulson, Neil S and Taylor, Stephanie JC and Patel, Anita and Duschinsky, Robbie and Anand, Amrutha and Evans, Matt Jameson and Griffiths, Chris J and Sheikh, Aziz and others},
    journal={Journal of medical Internet research},
    volume={20},
    number={7},
    year={2018},
    publisher={JMIR Publications Inc.}
}

@article{joglekarfacelift,
    title={},
    author={Joglekar, Sagar and T. Kauer and D. Quercia and M. Redi and L. M. Aiello and N. Sastry},
    journal={Transactions on Multimedia , Communications and Applications},
    volume={20},
    number={7},
    year={2018},
    publisher={ACM}
}

@ARTICLE{Faceliftdataviz,
    author = {T. Kauer and S. Joglekar and M. Redi and L. M. Aiello and D. Quercia},
    journal = {IEEE Computer Graphics and Applications},
    title = {Mapping and Visualizing Deep-Learning Urban Beautification},
    year = {2018},
    volume = {38},
    number = {5},
    pages = {70-83},
    keywords={Data visualization;Visualization;Measurement;Smart cities;Urban areas;Complexity theory;User centered design},
    doi = {10.1109/MCG.2018.053491732},
    url = {doi.ieeecomputersociety.org/10.1109/MCG.2018.053491732},
    ISSN = {0272-1716},
    month={Sep./Oct.}
}



@article{srep,
    title={},
    author={Joglekar, Sagar and Sastry, Nishanth and Velupillai, Sumithra and Dutta , Rina },
    journal={In review},
    volume={20},
    number={7},
    year={2018},
    publisher={Nature}
}



% ------------------------------------------------------------------------
% Collabs
% ------------------------------------------------------------------------
@article{magdy2017fake,
  title={Fake it till you make it: Fishing for Catfishes},
  author={Magdy, Walid and Elkhatib, Yehia and Tyson, Gareth and Joglekar, Sagar and Sastry, Nishanth},
  journal={arXiv preprint arXiv:1705.06530},
  year={2017}
}


% ------------------------------------------------------------------------
% Chap 2
% ------------------------------------------------------------------------


@article{simon1971designing,
    title={Designing organizations for an information-rich world},
    author={Simon, Herbert A},
    year={1971}
}

@article{lup2015instagram,
    title={Instagram\# instasad?: exploring associations among instagram use, depressive symptoms, negative social comparison, and strangers followed},
    author={Lup, Katerina and Trub, Leora and Rosenthal, Lisa},
    journal={Cyberpsychology, Behavior, and Social Networking},
    volume={18},
    number={5},
    pages={247--252},
    year={2015},
    publisher={Mary Ann Liebert, Inc. 140 Huguenot Street, 3rd Floor New Rochelle, NY 10801 USA}
}

@article{holland2017strong,
    title={“Strong beats skinny every time”: Disordered eating and compulsive exercise in women who post fitspiration on Instagram},
    author={Holland, Grace and Tiggemann, Marika},
    journal={International Journal of Eating Disorders},
    volume={50},
    number={1},
    pages={76--79},
    year={2017},
    publisher={Wiley Online Library}
}


%-----------------------------------------------------------------------
%Chapter 3
%-----------------------------------------------------------------------
@article {Craiga1655,
    author = {Craig, Peter and Dieppe, Paul and Macintyre, Sally and Michie, Susan and Nazareth, Irwin and Petticrew, Mark},
    title = {Developing and evaluating complex interventions: the new Medical Research Council guidance},
    volume = {337},
    elocation-id = {a1655},
    year = {2008},
    doi = {10.1136/bmj.a1655},
    publisher = {BMJ Publishing Group Ltd},
    URL = {https://www.bmj.com/content/337/bmj.a1655},
    eprint = {https://www.bmj.com/content/337/bmj.a1655.full.pdf},
    journal = {BMJ}
}



@article{de2016stroke,
    title={Stroke survivors and their families receive information and support on an individual basis from an online forum: descriptive analysis of a population of 2348 patients and qualitative study of a sample of participants},
    author={De Simoni, Anna and Shanks, Andrew and Balasooriya-Smeekens, Chantal and Mant, Jonathan},
    journal={BMJ open},
    volume={6},
    number={4},
    pages={e010501},
    year={2016},
    publisher={British Medical Journal Publishing Group}
}

@article{coulson2005receiving,
    title={Receiving social support online: an analysis of a computer-mediated support group for individuals living with irritable bowel syndrome},
    author={Coulson, Neil S},
    journal={CyberPsychology \& Behavior},
    volume={8},
    number={6},
    pages={580--584},
    year={2005},
    publisher={Mary Ann Liebert, Inc. 2 Madison Avenue Larchmont, NY 10538 USA}
}

@article{shoebotham2016therapeutic,
    title={Therapeutic affordances of online support group use in women with endometriosis},
    author={Shoebotham, Amie and Coulson, Neil S},
    journal={Journal of medical Internet research},
    volume={18},
    number={5},
    pages={e109},
    year={2016},
    publisher={JMIR Publications Inc., Toronto, Canada}
}

@article{de2017adolescents,
    title={What do adolescents with asthma really think about adherence to inhalers? Insights from a qualitative analysis of a UK online forum},
    author={De Simoni, Anna and Horne, Robert and Fleming, Louise and Bush, Andrew and Griffiths, Chris},
    journal={BMJ open},
    volume={7},
    number={6},
    pages={e015245},
    year={2017},
    publisher={British Medical Journal Publishing Group}
}

@article{ali2015online,
    title={Online peer-to-peer support for young people with mental health problems: a systematic review},
    author={Ali, Kathina and Farrer, Louise and Gulliver, Amelia and Griffiths, Kathleen M},
    journal={JMIR mental health},
    volume={2},
    number={2},
    pages={e19},
    year={2015},
    publisher={JMIR Publications Inc., Toronto, Canada}
}


@book{fox2011social,
    title={The social life of health information 2011},
    author={Fox, Susannah},
    year={2011}
}

@article{armstrong2000real,
    title={The real value of online communities},
    author={Armstrong, Arthur and Hagel, John},
    journal={Knowledge and communities},
    volume={74},
    number={3},
    pages={85--95},
    year={2000},
    publisher={Oxford, UK: Butterworth-Heinemann}
}


@article{eikelboom2017irresistible,
    title={IRRESISTIBLE: The Rise of Addictive Technology and the Business of Keeping Us Hooked},
    author={Eikelboom, Roelof},
    journal={Perspectives on Science and Christian Faith},
    volume={69},
    number={4},
    pages={253--256},
    year={2017},
    publisher={American Scientific Affiliation}
}



@article{bartlett2011investigation,
    title={An investigation into the empowerment effects of using online support groups and how this affects health professional/patient communication},
    author={Bartlett, Yvonne Kiera and Coulson, Neil S},
    journal={Patient education and counseling},
    volume={83},
    number={1},
    pages={113--119},
    year={2011},
    publisher={Elsevier}
}

@article{izuka2017stroke,
    title={How do stroke survivors and their carers use practitioners’ advice on secondary prevention medications? Qualitative study of an online forum},
    author={Izuka, Nkeonye J and Alexander, Matthew AW and Balasooriya-Smeekens, Chantal and Mant, Jonathan and De Simoni, Anna},
    journal={Family practice},
    volume={34},
    number={5},
    pages={612--620},
    year={2017},
    publisher={Oxford University Press UK}
}

@article{hobbs2016online,
    title={Online social integration is associated with reduced mortality risk},
    author={Hobbs, William R and Burke, Moira and Christakis, Nicholas A and Fowler, James H},
    journal={Proceedings of the National Academy of Sciences},
    volume={113},
    number={46},
    pages={12980--12984},
    year={2016},
    publisher={National Acad Sciences}
}

@article{panagioti2014self,
    title={Self-management support interventions to reduce health care utilisation without compromising outcomes: a systematic review and meta-analysis},
    author={Panagioti, Maria and Richardson, Gerry and Small, Nicola and Murray, Elizabeth and Rogers, Anne and Kennedy, Anne and Newman, Stanton and Bower, Peter},
    journal={BMC health services research},
    volume={14},
    number={1},
    pages={356},
    year={2014},
    publisher={BioMed Central}
}

@article{taylor2014rapid,
    title={A rapid synthesis of the evidence on interventions supporting self-management for people with long-term conditions: PRISMS--Practical systematic Review of Self-Management Support for long-term conditions},
    author={Taylor, Stephanie JC and Pinnock, Hilary and Epiphaniou, Eleni and Pearce, Gemma and Parke, Hannah L and Schwappach, Anna and Purushotham, Neetha and Jacob, Sadhana and Griffiths, Chris J and Greenhalgh, Trisha and others},
    year={2014},
    publisher={NIHR Journals Library}
}

@article{kirk2016exploration,
    title={An exploration of how young people and parents use online support in the context of living with cystic fibrosis},
    author={Kirk, Susan and Milnes, Linda},
    journal={Health Expectations},
    volume={19},
    number={2},
    pages={309--321},
    year={2016},
    publisher={Wiley Online Library}
}

@article{stewart2011online,
    title={Online solutions to support needs and preferences of parents of children with asthma and allergies},
    author={Stewart, Miriam and Letourneau, Nicole and Masuda, Jeffrey R and Anderson, Sharon and McGhan, Shawna},
    journal={Journal of Family Nursing},
    volume={17},
    number={3},
    pages={357--379},
    year={2011},
    publisher={SAGE Publications Sage CA: Los Angeles, CA}
}

@article{matura2013virtual,
    title={A virtual community: concerns of patients with pulmonary hypertension},
    author={Matura, Lea Ann and McDonough, Annette and Aglietti, Lianne M and Herzog, Jessica L and Gallant, Kelly A},
    journal={Clinical nursing research},
    volume={22},
    number={2},
    pages={155--171},
    year={2013},
    publisher={Sage Publications Sage CA: Los Angeles, CA}
}

@article{wentzer2013narratives,
    title={Narratives of empowerment and compliance: studies of communication in online patient support groups},
    author={Wentzer, Helle S and Bygholm, Ann},
    journal={International journal of medical informatics},
    volume={82},
    number={12},
    pages={e386--e394},
    year={2013},
    publisher={Elsevier}
}


@article{mo2012developing,
    title={Developing a model for online support group use, empowering processes and psychosocial outcomes for individuals living with HIV/AIDS},
    author={Mo, Phoenix KH and Coulson, Neil S},
    journal={Psychology \& Health},
    volume={27},
    number={4},
    pages={445--459},
    year={2012},
    publisher={Taylor \& Francis}
}

@article{pendry2015individual,
    title={Individual and social benefits of online discussion forums},
    author={Pendry, Louise F and Salvatore, Jessica},
    journal={Computers in Human Behavior},
    volume={50},
    pages={211--220},
    year={2015},
    publisher={Elsevier}
}


@article{allen2016long,
    title={Long-term condition self-management support in online communities: a meta-synthesis of qualitative papers},
    author={Allen, Chris and Vassilev, Ivaylo and Kennedy, Anne and Rogers, Anne},
    journal={Journal of medical Internet research},
    volume={18},
    number={3},
    year={2016},
    publisher={JMIR Publications Inc.}
}



@article{shumaker1984toward,
    title={Toward a theory of social support: Closing conceptual gaps},
    author={Shumaker, Sally A and Brownell, Arlene},
    journal={Journal of social issues},
    volume={40},
    number={4},
    pages={11--36},
    year={1984},
    publisher={Wiley Online Library}
}


@book{berners2001weaving,
    title={Weaving the Web: The original design and ultimate destiny of the World Wide Web by its inventor},
    author={Berners-Lee, Tim and Fischetti, Mark},
    year={2001},
    publisher={DIANE Publishing Company}
}

 ------------------------------------------------------------------------
% INTRODUCTTION
% ------------------------------------------------------------------------
@article{peirce2000longitudinal,
    title={A longitudinal model of social contact, social support, depression, and alcohol use.},
    author={Peirce, Robert S and Frone, Michael R and Russell, Marcia and Cooper, M Lynne and Mudar, Pamela},
    journal={Health Psychology},
    volume={19},
    number={1},
    pages={28},
    year={2000},
    publisher={American Psychological Association}
}

@article{brown1986social,
    title={Social support, self-esteem and depression},
    author={Brown, George W and Andrews, Bernice and Harris, Tirril and Adler, Zsuzsanna and Bridge, L},
    journal={Psychological medicine},
    volume={16},
    number={4},
    pages={813--831},
    year={1986},
    publisher={Cambridge University Press}
}

@article{collins1993social,
    title={Social support in pregnancy: Psychosocial correlates of birth outcomes and postpartum depression.},
    author={Collins, Nancy L and Dunkel-Schetter, Christine and Lobel, Marci and Scrimshaw, Susan C},
    journal={Journal of personality and social psychology},
    volume={65},
    number={6},
    pages={1243},
    year={1993},
    publisher={American Psychological Association}
}

@article{dunkel1984social,
    title={Social support and cancer: Findings based on patient interviews and their implications},
    author={Dunkel-Schetter, Christine},
    journal={Journal of Social issues},
    volume={40},
    number={4},
    pages={77--98},
    year={1984},
    publisher={Wiley Online Library}
}


@article{baron1990social,
    title={Social support and immune function among spouses of cancer patients.},
    author={Baron, Robert S and Cutrona, Carolyn E and Hicklin, Daniel and Russell, Daniel W and Lubaroff, David M},
    journal={Journal of Personality and Social Psychology},
    volume={59},
    number={2},
    pages={344},
    year={1990},
    publisher={American Psychological Association}
}



@article{hwang2010social,
    title={Social support in an Internet weight loss community},
    author={Hwang, Kevin O and Ottenbacher, Allison J and Green, Angela P and Cannon-Diehl, M Roseann and Richardson, Oneka and Bernstam, Elmer V and Thomas, Eric J},
    journal={International journal of medical informatics},
    volume={79},
    number={1},
    pages={5--13},
    year={2010},
    publisher={Elsevier}
}

@inproceedings{squire2015should,
    title={" Should We Move to Stack Overflow?" Measuring the Utility of Social Media for Developer Support},
    author={Squire, Megan},
    booktitle={2015 IEEE/ACM 37th IEEE International Conference on Software Engineering},
    volume={2},
    pages={219--228},
    year={2015},
    organization={IEEE}
}

@article{kummervold2002social,
    title={Social support in a wired world: use of online mental health forums in Norway},
    author={Kummervold, Per E and Gammon, Deede and Bergvik, Svein and Johnsen, Jan-Are K and Hasvold, Toralf and Rosenvinge, Jan H},
    journal={Nordic journal of psychiatry},
    volume={56},
    number={1},
    pages={59--65},
    year={2002},
    publisher={Taylor \& Francis}
}


@article{rowley2007wisdom,
    title={The wisdom hierarchy: representations of the DIKW hierarchy},
    author={Rowley, Jennifer},
    journal={Journal of information science},
    volume={33},
    number={2},
    pages={163--180},
    year={2007},
    publisher={Sage Publications Sage CA: Thousand Oaks, CA}
}

@book{davenport2001attention,
    title={The attention economy: Understanding the new currency of business},
    author={Davenport, Thomas H and Beck, John C},
    year={2001},
    publisher={Harvard Business Press}
}

@inproceedings{bakhshi2014faces,
    title={Faces engage us: Photos with faces attract more likes and comments on instagram},
    author={Bakhshi, Saeideh and Shamma, David A and Gilbert, Eric},
    booktitle={Proceedings of the SIGCHI Conference on Human Factors in Computing Systems},
    pages={965--974},
    year={2014},
    organization={ACM}
}

@article{schupp2006emotion,
    title={Emotion and attention: event-related brain potential studies},
    author={Schupp, Harald T and Flaisch, Tobias and Stockburger, Jessica and Jungh{\"o}fer, Markus},
    journal={Progress in brain research},
    volume={156},
    pages={31--51},
    year={2006},
    publisher={Elsevier}
}

@article{soat2015social,
    title={Social Media Triggers a Dopamine High},
    author={Soat, Molly},
    journal={Marketing News},
    volume={49},
    number={11},
    pages={20--21},
    year={2015}
}


@book{MatthewCrawford,
title={The World Beyond Your Head: How to Flourish in an Age of Distraction},
year={2015},
author={Crawford,Matthew},
publisher={penguin publishing}}

@article{koelstra2012deap,
    title={Deap: A database for emotion analysis; using physiological signals},
    author={Koelstra, Sander and Muhl, Christian and Soleymani, Mohammad and Lee, Jong-Seok and Yazdani, Ashkan and Ebrahimi, Touradj and Pun, Thierry and Nijholt, Anton and Patras, Ioannis},
    journal={IEEE Transactions on Affective Computing},
    volume={3},
    number={1},
    pages={18--31},
    year={2012},
    publisher={IEEE}
}

@article{webster2011visual,
    title={Visual adaptation and face perception},
    author={Webster, Michael A and MacLeod, Donald IA},
    journal={Philosophical Transactions of the Royal Society B: Biological Sciences},
    volume={366},
    number={1571},
    pages={1702--1725},
    year={2011},
    publisher={The Royal Society}
}

@inproceedings{cambria2010senticnet,
    title={Senticnet: A publicly available semantic resource for opinion mining.},
    author={Cambria, Erik and Speer, Robert and Havasi, Catherine and Hussain, Amir},
    booktitle={AAAI fall symposium: commonsense knowledge},
    volume={10},
    number={0},
    year={2010}
}

@inproceedings{Borth2013,
    address = {New York, New York, USA},
    author = {Borth, Damian and Ji, Rongrong and Chen, Tao and Breuel, Thomas and Chang, Shih-Fu},
    booktitle = {Proceedings of the 21st ACM international conference on Multimedia - MM '13},
    doi = {10.1145/2502081.2502282},
    file = {:Users/sagarj/Dropbox/Research/visual{\_}sentiment{\_}ontology{\_}FINAL.pdf:pdf},
    isbn = {9781450324045},
    pages = {223--232},
    publisher = {ACM Press},
    title = {{Large-scale visual sentiment ontology and detectors using adjective noun pairs}},
    url = {http://dl.acm.org/citation.cfm?doid=2502081.2502282},
    year = {2013}
}

@article{perlovsky2014aesthetic,
    title={Aesthetic emotions, what are their cognitive functions?},
    author={Perlovsky, Leonid},
    journal={Frontiers in Psychology},
    volume={5},
    pages={98},
    year={2014},
    publisher={Frontiers}
}

@article{zadra2011emotion,
    title={Emotion and perception: The role of affective information},
    author={Zadra, Jonathan R and Clore, Gerald L},
    journal={Wiley interdisciplinary reviews: cognitive science},
    volume={2},
    number={6},
    pages={676--685},
    year={2011},
    publisher={Wiley Online Library}
}

@article{plutchik2001nature,
    title={The nature of emotions: Human emotions have deep evolutionary roots, a fact that may explain their complexity and provide tools for clinical practice},
    author={Plutchik, Robert},
    journal={American scientist},
    volume={89},
    number={4},
    pages={344--350},
    year={2001},
    publisher={JSTOR}
}

@article{borges2004can,
    title={What can Kant teach us about emotions?},
    author={Borges, Maria},
    journal={The Journal of Philosophy},
    volume={101},
    number={3},
    pages={140--158},
    year={2004}
}


@book{kant1987critique,
    title={Critique of judgment},
    author={Kant, Immanuel},
    year={1987},
    publisher={Hackett Publishing}
}


@inproceedings{song2012survey,
    title={A survey of music recommendation systems and future perspectives},
    author={Song, Yading and Dixon, Simon and Pearce, Marcus},
    booktitle={9th International Symposium on Computer Music Modeling and Retrieval},
    volume={4},
    year={2012}
}

@article{reece2017instagram,
    title={Instagram photos reveal predictive markers of depression},
    author={Reece, Andrew G and Danforth, Christopher M},
    journal={EPJ Data Science},
    volume={6},
    number={1},
    pages={15},
    year={2017},
    publisher={SpringerOpen}
}


@article{slater1998innate,
  title={Innate and learned perceptual abilities in the newborn infant},
  author={Slater, Alan and Kirby, Rachel},
  journal={Experimental Brain Research},
  volume={123},
  number={1-2},
  pages={90--94},
  year={1998},
  publisher={Springer}
}

@inproceedings{nwana2013latent,
  title={A latent social approach to youtube popularity prediction},
  author={Nwana, Amandianeze O and others},
  booktitle={2013 IEEE  (GLOBECOM)},
  pages={3138--3144},
  year={2013},
  organization={IEEE}
}
@inproceedings{pinto2013using,
  title={Using early view patterns to predict the popularity of youtube videos},
  author={Pinto, Henrique and others},
  booktitle={Proceedings of the sixth ACM ICWSM},
  pages={365--374},
  year={2013},
  organization={ACM}
}

@article{o2008user,
	Author = {O'Brien, Heather L and Toms, Elaine G},
	Journal = {Journal of the American Society for Information Science and Technology},
	Number = {6},
	Pages = {938--955},
	Publisher = {Wiley Online Library},
	Title = {What is user engagement? A conceptual framework for defining user engagement with technology},
	Volume = {59},
	Year = {2008}}

@article{leung2009user,
	Author = {Leung, Louis},
	Journal = {New media \& society},
	Number = {8},
	Pages = {1327--1347},
	Publisher = {SAGE Publications},
	Title = {User-generated content on the internet: an examination of gratifications, civic engagement and psychological empowerment},
	Volume = {11},
	Year = {2009}}

@article{pogue13,
	Author = {David Pogue},
	Journal = {Scientific American},
	Month = {May},
	Title = {Why Are Micro Movies So Popular These Days?},
	Year = {2013}}

@misc{bbc,
	Author = {David Grossman},
	Howpublished = {{BBC} Newsnight},
	Month = {Sep},
	Title = {Can micro video change how we communicate?},
	Year = 2013}

@inproceedings{bardzell2009understanding,
	Author = {Bardzell, Shaowen and others },
	Booktitle = {2009 3rd International Conference on Affective Computing and Intelligent Interaction and Workshops},
	Organization = {IEEE},
	Pages = {1--8},
	Title = {Understanding affective interaction: Emotion, engagement, and internet videos},
	Year = {2009}}

@inproceedings{fontanini2016web,
	Author = {Fontanini, Giulia and others},
	Booktitle = {Proceedings of the 2016 ACM on ICMR},
	Organization = {ACM},
	Pages = {289--292},
	Title = {Web Video Popularity Prediction using Sentiment and Content Visual Features},
	Year = {2016}}

@inproceedings{louppe2013understanding,
	Author = {Louppe, Gilles and others},
	Booktitle = {NIPS},
	Pages = {431--439},
	Title = {Understanding variable importances in forests of randomized trees},
	Year = {2013}}

@article{eckler2011spreading,
	Author = {Eckler, Petya and Bolls, Paul},
	Journal = {Journal of Interactive Advertising},
	Number = {2},
	Pages = {1--11},
	Publisher = {Taylor \& Francis},
	Title = {Spreading the virus: Emotional tone of viral advertising and its effect on forwarding intentions and attitudes},
	Volume = {11},
	Year = {2011}}

@inproceedings{Jiang:2014:VVS:2578726.2578754,
	Acmid = {2578754},
	Address = {New York, NY, USA},
	Articleno = {193},
	Author = {Jiang, Lu and others},
	Publisher = {ACM},
	Series = {ICMR '14},
	Title = {Viral Video Style: A Closer Look at Viral Videos on YouTube},
	Url = {http://doi.acm.org/10.1145/2578726.2578754},
	Year = {2014},
	Bdsk-Url-1 = {http://doi.acm.org/10.1145/2578726.2578754},
	Bdsk-Url-2 = {http://dx.doi.org/10.1145/2578726.2578754}}

@inproceedings{Cha2009Flickr,
	Acmid = {1526806},
	Address = {New York, NY, USA},
	Author = {Cha, Meeyoung and others},
	Booktitle = {Proceedings of the 18th WWW},
	Doi = {10.1145/1526709.1526806},
	Isbn = {978-1-60558-487-4},
	Numpages = {10},
	Pages = {721--730},
	Publisher = {ACM},
	Series = {WWW '09},
	Title = {A Measurement-driven Analysis of Information Propagation in the Flickr Social Network},
	Year = {2009}}

@inproceedings{Valafar2009,
	Acmid = {1592672},
	Address = {New York, NY, USA},
	Author = {Valafar, Masoud and others},
	Booktitle = {Proceedings of the 2Nd ACM Workshop on Online Social Networks},
	Doi = {10.1145/1592665.1592672},
	Isbn = {978-1-60558-445-4},
	Title = {Beyond Friendship Graphs: A Study of User Interactions in Flickr},
	Url = {http://doi.acm.org/10.1145/1592665.1592672},
	Year = {2009}}


@inproceedings{Joo2014b,
	Author = {Joo, Jungseock and others},
	Booktitle = {Proceedings of the IEEE CVPR },
	Doi = {10.1109/CVPR.2014.35},
	Isbn = {9781479951178},
	Issn = {10636919},
	Keywords = {Communicative Intents,Human Attributes,Media Application,Visual Persuasion,Visual Sentiment Analysis},
	Pages = {216--223},
	Title = {{Visual persuasion: Inferring communicative intents of images}},
	Year = {2014},
	Bdsk-Url-1 = {http://dx.doi.org/10.1109/CVPR.2014.35}}


@inproceedings{huiskes08,
	Address = {New York, NY, USA},
	Author = {Mark J. Huiskes and Michael S. Lew},
	Booktitle = {MIR '08: Proceedings of the 2008 ACM ICMR },
	Location = {Vancouver, Canada},
	Publisher = {ACM},
	Title = {The MIR Flickr Retrieval Evaluation},
	Year = {2008}}

@article{viola2004robust,
	Author = {Viola, Paul and Jones, Michael J},
	Journal = {International journal of computer vision},
	Number = {2},
	Pages = {137--154},
	Publisher = {Springer},
	Title = {Robust real-time face detection},
	Volume = {57},
	Year = {2004}}

@inproceedings{predictingPintrest,
	Acmid = {2741671},
	Address = {New York, NY, USA},
	Author = {Zhong, Changtao and others},
	Booktitle = {Proceedings of the 24th WWW},
	Publisher = {ACM},
	Series = {WWW '15},
	Title = {Predicting Pinterest: Automating a Distributed Human Computation},
	Year = {2015}}

@article{huang2006natural,
	Author = {Huang, Kai-Qi and Wang, Qiao and Wu, Zhen-Yang},
	Journal = {Computer Vision and Image Understanding},
	Number = {1},
	Pages = {52--63},
	Publisher = {Elsevier},
	Title = {Natural color image enhancement and evaluation algorithm based on human visual system},
	Volume = {103},
	Year = {2006}}

@inproceedings{Hare:2011:OIJ:2072298.2072421,
	Acmid = {2072421},
	Address = {New York, NY, USA},
	Author = {Hare, Jonathon S. and others.},
	Booktitle = {Proceedings of the 19th ACM MM},
	Doi = {10.1145/2072298.2072421},
	Isbn = {978-1-4503-0616-4},
	Location = {Scottsdale, Arizona, USA},
	Numpages = {4},
	Pages = {691--694},
	Publisher = {ACM},
	Series = {MM '11},
	Title = {OpenIMAJ and ImageTerrier: Java libraries and tools for scalable multimedia analysis and indexing of images},
	Url = {http://doi.acm.org/10.1145/2072298.2072421},
	Year = {2011}}

@inproceedings{luo2008photo,
	Author = {Luo, Yiwen and Tang, Xiaoou},
	Booktitle = {European Conference on Computer Vision},
	Organization = {Springer},
	Pages = {386--399},
	Title = {Photo and video quality evaluation: Focusing on the subject},
	Year = {2008}}

@inproceedings{khosla2014makes,
	Author = {Khosla, Aditya and others},
	Booktitle = {Proceedings of the 23rd WWW},
	Organization = {International World Wide Web Conferences Steering Committee},
	Pages = {867--876},
	Title = {What makes an image popular?},
	Year = {2014}}

@inproceedings{ke2006design,
	Author = {Ke, Yan and Tang, Xiaoou and Jing, Feng},
	Booktitle = {2006 IEEE CVPR'06 },
	Organization = {IEEE},
	Pages = {419--426},
	Title = {The design of high-level features for photo quality assessment},
	Volume = {1},
	Year = {2006}}

@inproceedings{wang2015inferring,
	Author = {Wang, Yilin and others},
	Booktitle = {Ninth ICWSM},
	Title = {Inferring Sentiment from Web Images with Joint Inference on Visual and Social Cues: A Regulated Matrix Factorization Approach},
	Year = {2015}}

@inproceedings{lartillot2007matlab,
	Author = {Lartillot, Olivier and Toiviainen, Petri},
	Booktitle = {International Conference on Digital Audio Effects},
	Pages = {237--244},
	Title = {A Matlab toolbox for musical feature extraction from audio},
	Year = {2007}}

@article{laurier2009exploring,
	Author = {Laurier, Cyril and Lartillot, Olivier and Eerola, Tuomas and Toiviainen, Petri},
	Title = {Exploring relationships between audio features and emotion in music},
	Year = {2009}}

@article{reagan2016emotional,
	Author = {Reagan, Andrew J and Mitchell, Lewis and Kiley, Dilan and Danforth, Christopher M and Dodds, Peter Sheridan},
	Journal = {arXiv preprint arXiv:1606.07772},
	Title = {The emotional arcs of stories are dominated by six basic shapes},
	Year = {2016}}

@inproceedings{Isola2011,
	Author = {Phillip Isola and others},
	Booktitle = {IEEE CVPR},
	Pages = {145-152},
	Title = {What makes an image memorable?},
	Year = {2011}}

@inproceedings{yeh2010personalized,
	Author = {Yeh, Che-Hua et al.},
	Booktitle = {Proceedings of the 18th ACM MM},
	Organization = {ACM},
	Pages = {211--220},
	Title = {Personalized photograph ranking and selection system},
	Year = {2010}}

@inproceedings{goodfellow2013challenges,
	Author = {Goodfellow et. al},
	Booktitle = {NIPS},
	Organization = {Springer},
	Pages = {117--124},
	Title = {Challenges in representation learning: A report on three machine learning contests},
	Year = {2013}}



@inproceedings{jou2015visual,
	Author = {Jou, Brendan and others},
	Booktitle = {Proceedings of the 23rd ACM MM },
	Organization = {ACM},
	Pages = {159--168},
	Title = {Visual affect around the world: A large-scale multilingual visual sentiment ontology},
	Year = {2015}}

@inproceedings{schifanella2016detecting,
	Author = {Schifanella, Rossano and others},
	Booktitle = {Proceedings of the 2016 ACM MM },
	Organization = {ACM},
	Pages = {1136--1145},
	Title = {Detecting Sarcasm in Multimodal Social Platforms},
	Year = {2016}}

@article{nguyen2016open,
	Author = {Nguyen, Phuc Xuan and Rogez, Gregory and Fowlkes, Charless and Ramamnan, Deva},
	Journal = {arXiv preprint arXiv:1603.09439},
	Title = {The Open World of Micro-Videos},
	Year = {2016}}

@inproceedings{Mazloom:2016:MPP:2964284.2967210,
	Acmid = {2967210},
	Address = {New York, NY, USA},
	Author = {Mazloom and others},
	Booktitle = {Proceedings of the 2016 ACM on Multimedia Conference},
	Doi = {10.1145/2964284.2967210},
	Isbn = {978-1-4503-3603-1},
	Keywords = {brand-related user post, instagram, popularity prediction},
	Series = {MM '16},
	Title = {Multimodal Popularity Prediction of Brand-related Social Media Posts},
	Url = {http://doi.acm.org/10.1145/2964284.2967210},
	Year = {2016}}

@article{bonato2016mining,
	Author = {Bonato, Anthony and D'Angelo, David Ryan and Elenberg, Ethan R and Gleich, David F and Hou, Yangyang},
	Journal = {arXiv preprint arXiv:1608.00646},
	Title = {Mining and modeling character networks},
	Year = {2016}}

@inproceedings{Chen:2016:MTM:2964284.2964314,
	Acmid = {2964314},
	Address = {New York, NY, USA},
	Author = {Chen, Jingyuan and others},
	Booktitle = {Proceedings of the 2016 ACM on Multimedia Conference},
	Doi = {10.1145/2964284.2964314},
	Isbn = {978-1-4503-3603-1},
	Numpages = {10},
	Pages = {898--907},
	Publisher = {ACM},
	Series = {MM '16},
	Title = {Micro Tells Macro: Predicting the Popularity of Micro-Videos via a Transductive Model},
	Url = {http://doi.acm.org/10.1145/2964284.2964314},
	Year = {2016}}

@inproceedings{isola2011makes,
	Author = {Isola, Phillip and Xiao, Jianxiong and Torralba, Antonio and Oliva, Aude},
	Booktitle = {CVPR, 2011 IEEE Conference on},
	Organization = {IEEE},
	Pages = {145--152},
	Title = {What makes an image memorable?},
	Year = {2011}}

@inproceedings{redi20146,
	Author = {Redi, Miriam and Others},
	Booktitle = {Proceedings of the IEEE CVPR},
	Pages = {4272--4279},
	Title = {6 seconds of sound and vision: Creativity in micro-videos},
	Year = {2014}}

@inproceedings{schifanella2015image,
	Author = {Rossano Schifanella and others},
	Booktitle = {Proceedings of THE 9TH ICWSM 2015},
	Title = {An Image is Worth More than a Thousand Favorites: Surfacing the Hidden Beauty of Flickr Pictures},
	Year = {2015}}

@inproceedings{totti14impact,
	Acmid = {2615700},
	Address = {New York, NY, USA},
	Author = {Totti and others},
	Booktitle = {Proceedings of the 2014 ACM Conference on Web Science},
	Doi = {10.1145/2615569.2615700},
	Isbn = {978-1-4503-2622-3},
	Keywords = {image popularity, information diffusion, popularity prediction},
	Publisher = {ACM},
	Series = {WebSci '14},
	Title = {The Impact of Visual Attributes on Online Image Diffusion},
	Year = {2014},
	Bdsk-Url-1 = {http://doi.acm.org/10.1145/2615569.2615700},
	Bdsk-Url-2 = {http://dx.doi.org/10.1145/2615569.2615700}}

@inproceedings{Souza2015,
	Archiveprefix = {arXiv},
	Arxivid = {1510.05700},
	Author = {Souza, Fl{\'{a}}vio and others},
	Booktitle = {Proceedings of the 2015 ACM- COSN '15},
	Doi = {10.1145/2817946.2817948},
	Keywords = {cultural boundaries,instagram,selfies},
	Title = {{Dawn of the selfie era: The whos, wheres, and hows of selfies on Instagram}},
	Url = {http://arxiv.org/abs/1510.05700$\backslash$nhttp://dl.acm.org/citation.cfm?doid=2817946.2817948},
	Year = {2015},
	Bdsk-Url-1 = {http://arxiv.org/abs/1510.05700$%5Cbackslash$nhttp://dl.acm.org/citation.cfm?doid=2817946.2817948},
	Bdsk-Url-2 = {http://dx.doi.org/10.1145/2817946.2817948}}

@inproceedings{zheng2015towards,
	Author = {Zheng, Danning and others},
	Booktitle = {Ninth International AAAI ICWSM},
	Title = {Towards Lifestyle Understanding: Predicting Home and Vacation Locations from User's Online Photo Collections},
	Year = {2015}}

@article{redi2015like,
	Author = {Redi, Miriam and others},
	Journal = {arXiv preprint arXiv:1505.07522},
	Title = {Like Partying? Your Face Says It All. Predicting the Ambiance of Places with Profile Pictures},
	Year = {2015}}

@article{Jeni:2012:SEV:2379846.2380033,
	Acmid = {2380033},
	Address = {Newton, MA, USA},
	Author = {Jeni, L\'{a}Szl\'{o} A. and Lrincz, Andr\'{a}S and Nagy, Tam\'{a}S and Palotai, Zsolt and Sebk, Judit and Szab\'{o}, Zolt\'{a}N and Tak\'{a}Cs, D\'{a}Niel},
	Doi = {10.1016/j.imavis.2012.02.003},
	Issn = {0262-8856},
	Issue_Date = {October, 2012},
	Journal = {Image Vision Comput.},
	Keywords = {Action unit recognition, BU-4DFE, CK+, Constrained Local Model, Emotion classification, Shape information},
	Month = oct,
	Title = {3D Shape Estimation in Video Sequences Provides High Precision Evaluation of Facial Expressions},
	Url = {http://dx.doi.org/10.1016/j.imavis.2012.02.003},
	Volume = {30},
	Year = {2012},
	Bdsk-Url-1 = {http://dx.doi.org/10.1016/j.imavis.2012.02.003}}

@article{kanade,
	Author = {Y. I. Tian and T. Kanade and J. F. Cohn},
	Doi = {10.1109/34.908962},
	Issn = {0162-8828},
	Journal = {IEEE Transactions on Pattern Analysis and Machine Intelligence},
	Keywords = {face recognition;feature extraction;image sequences;tracking;AU;FACS;Facial Action Coding System;action unit recognition;anger;automatic facial expression analysis;cheeks;discrete facial features;eyebrows;eyes;facial furrows;fear;frontal-view face image sequence;happiness;image databases;lips;mouth;multistate face models;neutral expression;parametric descriptions;surprise;tracking;Eyes;Face recognition;Facial features;Gold;Humans;Image analysis;Image sequence analysis;Mouth;Prototypes;Transient analysis},
	Month = {Feb},
	Number = {2},
	Pages = {97-115},
	Title = {Recognizing action units for facial expression analysis},
	Volume = {23},
	Year = {2001},
	Bdsk-Url-1 = {http://dx.doi.org/10.1109/34.908962}}

@inproceedings{Quercia1,
	Acmid = {2488000},
	Address = {New York, NY, USA},
	Author = {Quercia, Daniele},
	Booktitle = {Proceedings of the 22Nd WWW},
	Doi = {10.1145/2487788.2488000},
	Isbn = {978-1-4503-2038-2},
	Keywords = {social media, urban informatics, web science},
	Location = {Rio de Janeiro, Brazil},
	Numpages = {2},
	Pages = {591--592},
	Publisher = {ACM},
	Series = {WWW '13 Companion},
	Title = {Urban: Crowdsourcing for the Good of London},
	Url = {http://doi.acm.org/10.1145/2487788.2488000},
	Year = {2013},
	Bdsk-Url-1 = {http://doi.acm.org/10.1145/2487788.2488000},
	Bdsk-Url-2 = {http://dx.doi.org/10.1145/2487788.2488000}}

@article{jeni20123d,
	Author = {Jeni, L{\'a}szl{\'o} A and L{\H{o}}rincz, Andr{\'a}s and Nagy, Tam{\'a}s and Palotai, Zsolt and Seb{\H{o}}k, Judit and Szab{\'o}, Zolt{\'a}n and Tak{\'a}cs, D{\'a}niel},
	Journal = {Image and Vision Computing},
	Number = {10},
	Pages = {785--795},
	Publisher = {Elsevier},
	Title = {3D shape estimation in video sequences provides high precision evaluation of facial expressions},
	Volume = {30},
	Year = {2012}}

@inproceedings{nikhil,
	Author = {N. Naik and J. Philipoom and R. Raskar and C. Hidalgo},
	Booktitle = {Computer Vision and Pattern Recognition Workshops (CVPRW), 2014 IEEE Conference on},
	Doi = {10.1109/CVPRW.2014.121},
	Keywords = {feature extraction;geographic information systems;image colour analysis;image resolution;regression analysis;social sciences computing;support vector machines;GIST;Google Streetview;city neighborhoods;color histograms;economic consequences;economists;geometric texton;high resolution maps;image features;perceived safety;scene understanding algorithm;social consequences;social science literature;social scientists;streetscapes;streetscore;support vector regression;urban perception;urban planners;visual appearance;Cities and towns;Feature extraction;Histograms;Image color analysis;Safety;Training;Visualization;internet vision;trueskill;urban computing;urban planning;visual analysis beyond semantics},
	Month = {June},
	Pages = {793-799},
	Title = {Streetscore -- Predicting the Perceived Safety of One Million Streetscapes},
	Year = {2014},
	Bdsk-Url-1 = {http://dx.doi.org/10.1109/CVPRW.2014.121}}

@misc{urbanGems,
	Author = {Adam Barwell, Daniele Quercia, Jon Crowcroft},
	Title = {http://www.cam.ac.uk/research/news/how-to crowdsource-your-happy-space},
	Year = {2012}}

@inproceedings{SentiBank,
	Acmid = {2502282},
	Address = {New York, NY, USA},
	Author = {Borth, Damian and others},
	Booktitle = {Proceedings of the 21st ACM MM},
	Doi = {10.1145/2502081.2502282},
	Isbn = {978-1-4503-2404-5},
	Keywords = {concept detection, ontology, sentiment prediction, social multimedia},
	Publisher = {ACM},
	Series = {MM '13},
	Title = {Large-scale Visual Sentiment Ontology and Detectors Using Adjective Noun Pairs},
	Url = {http://doi.acm.org/10.1145/2502081.2502282},
	Year = {2013},
	Bdsk-Url-1 = {http://doi.acm.org/10.1145/2502081.2502282},
	Bdsk-Url-2 = {http://dx.doi.org/10.1145/2502081.2502282}}

@inproceedings{Zhao:2015:PCP:2733373.2806354,
	Acmid = {2806354},
	Address = {New York, NY, USA},
	Author = {Zhao, Sicheng and others},
	Booktitle = {Proceedings of the 23rd ACM MM},
	Doi = {10.1145/2733373.2806354},
	Isbn = {978-1-4503-3459-4},
	Series = {MM '15},
	Title = {Predicting Continuous Probability Distribution of Image Emotions in Valence-Arousal Space}}

@inproceedings{Campos:2015:DDS:2813524.2813530,
	Acmid = {2813530},
	Address = {New York, NY, USA},
	Author = {Campos, Victor and others},
	Booktitle = {Proceedings of the 1st International Workshop on Affect \&\#38; Sentiment in Multimedia},
	Publisher = {ACM},
	Series = {ASM '15},
	Title = {Diving Deep into Sentiment: Understanding Fine-tuned CNNs for Visual Sentiment Prediction}}

@inproceedings{Wang:2015:USA:2832415.2832579,
	Acmid = {2832579},
	Author = {Wang, Yilin and others},
	Booktitle = {Proceedings of the 24th International Conference on Artificial Intelligence},
	Isbn = {978-1-57735-738-4},
	Publisher = {AAAI Press},
	Series = {IJCAI'15},
	Title = {Unsupervised Sentiment Analysis for Social Media Images},
	Url = {http://dl.acm.org/citation.cfm?id=2832415.2832579},
	Year = {2015},
	Bdsk-Url-1 = {http://dl.acm.org/citation.cfm?id=2832415.2832579}}

@inproceedings{ESIRSurvey,
	Author = {Weining Wang and Qianhua He},
	Booktitle = {Image Processing, 2008. ICIP 2008},
	Doi = {10.1109/ICIP.2008.4711705},
	Issn = {1522-4880},
	Month = {Oct},
	Pages = {117-120},
	Title = {A survey on emotional semantic image retrieval},
	Year = {2008},
	Bdsk-Url-1 = {http://dx.doi.org/10.1109/ICIP.2008.4711705}}

@article{CBIRSurvey,
	Author = {Ying Liu and Dengsheng Zhang and Guojun Lu and Wei-Ying Ma},
	Doi = {http://dx.doi.org/10.1016/j.patcog.2006.04.045},
	Issn = {0031-3203},
	Journal = {Pattern Recognition},
	Keywords = {Survey},
	Number = {1},
	Pages = {262 - 282},
	Title = {A survey of content-based image retrieval with high-level semantics},
	Url = {http://www.sciencedirect.com/science/article/pii/S0031320306002184},
	Volume = {40},
	Year = {2007},
	Bdsk-Url-1 = {http://www.sciencedirect.com/science/article/pii/S0031320306002184},
	Bdsk-Url-2 = {http://dx.doi.org/10.1016/j.patcog.2006.04.045}}

@inproceedings{Machajdik,
	Acmid = {1873965},
	Address = {New York, NY, USA},
	Author = {Machajdik, Jana and Hanbury, Allan},
	Booktitle = {Proceedings of the 18th ACM MM},
	Doi = {10.1145/1873951.1873965},
	Isbn = {978-1-60558-933-6},
	Keywords = {art theory, emotional semantic image retrieval, image affect, image classification, image features, psychology},
	Publisher = {ACM},
	Series = {MM '10},
	Title = {Affective Image Classification Using Features Inspired by Psychology and Art Theory},
	Url = {http://doi.acm.org/10.1145/1873951.1873965},
	Year = {2010},
	Bdsk-Url-1 = {http://doi.acm.org/10.1145/1873951.1873965},
	Bdsk-Url-2 = {http://dx.doi.org/10.1145/1873951.1873965}}

@inproceedings{Video2Text,
	Acmid = {1677248},
	Address = {Washington, DC, USA},
	Author = {Aradhye, Hrishikesh and Toderici, George and Yagnik, Jay},
	Booktitle = {Proceedings of the 2009 IEEE International Conference on Data Mining Workshops},
	Doi = {10.1109/ICDMW.2009.79},
	Isbn = {978-0-7695-3902-7},
	Numpages = {8},
	Pages = {144--151},
	Publisher = {IEEE Computer Society},
	Series = {ICDMW '09},
	Title = {Video2Text: Learning to Annotate Video Content},
	Url = {http://dx.doi.org/10.1109/ICDMW.2009.79},
	Year = {2009},
	Bdsk-Url-1 = {http://dx.doi.org/10.1109/ICDMW.2009.79}}

@article{Snoek:2009:CVR:1576259.1576260,
	Acmid = {1576260},
	Address = {Hanover, MA, USA},
	Author = {Snoek, Cees G. M. and Worring, Marcel},
	Doi = {10.1561/1500000014},
	Issn = {1554-0669},
	Issue_Date = {April 2008},
	Journal = {Found. Trends Inf. Retr.},
	Month = apr,
	Number = {4},
	Numpages = {108},
	Pages = {215--322},
	Publisher = {Now Publishers Inc.},
	Title = {Concept-Based Video Retrieval},
	Url = {http://dx.doi.org/10.1561/1500000014},
	Volume = {2},
	Year = {2009},
	Bdsk-Url-1 = {http://dx.doi.org/10.1561/1500000014}}

@inproceedings{6126444,
	Author = {L. Marchesotti and others},
	Booktitle = {Computer Vision (ICCV), 2011 IEEE International Conference on},
	Doi = {10.1109/ICCV.2011.6126444},
	Issn = {1550-5499},
	Month = {Nov},
	Pages = {1784-1791},
	Title = {Assessing the aesthetic quality of photographs using generic image descriptors},
	Year = {2011},
	Bdsk-Url-1 = {http://dx.doi.org/10.1109/ICCV.2011.6126444}}

@inproceedings{goodSelfie,
	Acmid = {2806365},
	Address = {New York, NY, USA},
	Author = {Kalayeh et.al },
	Booktitle = {Proceedings of the 23rd ACM International Conference on Multimedia},
	Doi = {10.1145/2733373.2806365},
	Isbn = {978-1-4503-3459-4},
	Keywords = {recommendation models, selfie, sentiment analysis, social media},
	Location = {Brisbane, Australia},
	Numpages = {4},
	Pages = {923--926},
	Publisher = {ACM},
	Series = {MM '15},
	Title = {How to Take a Good Selfie?},
	Url = {http://doi.acm.org/10.1145/2733373.2806365},
	Year = {2015},
	Bdsk-Url-1 = {http://doi.acm.org/10.1145/2733373.2806365},
	Bdsk-Url-2 = {http://dx.doi.org/10.1145/2733373.2806365}}

@inproceedings{Khosla:2014,
	Acmid = {2567996},
	Address = {New York, NY, USA},
	Author = {Khosla, Aditya and others},
	Booktitle = {Proceedings of the 23rd International Conference on World Wide Web},
	Series = {WWW '14},
	Title = {What Makes an Image Popular?},
	Url = {http://doi.acm.org/10.1145/2566486.2567996},
	Year = {2014},
	Bdsk-Url-1 = {http://doi.acm.org/10.1145/2566486.2567996},
	Bdsk-Url-2 = {http://dx.doi.org/10.1145/2566486.2567996}}

@article{7175072,
	Author = {A. Marcos-Ramiro and others },
	Doi = {10.1109/TMM.2015.2464152},
	Issn = {1520-9210},
	Journal = {IEEE Transactions on Multimedia},
	Month = {Oct},
	Title = {Let Your Body Speak: Communicative Cue Extraction on Natural Interaction Using RGBD Data},
	Volume = {17},
	Year = {2015},
	Bdsk-Url-1 = {http://dx.doi.org/10.1109/TMM.2015.2464152}}

@inproceedings{670980,
	Author = {J. J. Lien and others},
	Booktitle = {Automatic Face and Gesture Recognition, 1998. Proceedings. Third IEEE International Conference on},
	Month = {Apr},
	Title = {Automated facial expression recognition based on FACS action units},
	Year = {1998}}

@article{FACS,
	Author = {P. Ekman and W. V. Friesen},
	Journal = {Consulting Psychologists Press Inc. San Francisco CA},
	Title = {The Facial Action Coding System},
	Year = {1978}}


@book{freeman2007photographer,
	Author = {Freeman, Michael},
	Publisher = {Focal Press},
	Title = {The Photographer's Eye: Composition and Design for Better Digital Photos},
	Volume = {1},
	Year = {2007}}

@article{pappas2016multilingual,
	Author = {Pappas, Nikolaos and others},
	Journal = {arXiv preprint arXiv:1606.02276},
	Title = {Multilingual visual sentiment concept matching},
	Year = {2016}}



@inproceedings{1027968,
	Acmid = {1027968},
	Address = {New York, NY, USA},
	Author = {Busso, Carlos and others},
	Booktitle = {Proceedings of the 6th International Conference on Multimodal Interfaces},
	Publisher = {ACM},
	Series = {ICMI '04},
	Title = {Analysis of Emotion Recognition Using Facial Expressions, Speech and Multimodal Information}}

@inproceedings{5771366,
	Author = {A. Dhall and others},
	Booktitle = {Automatic Face Gesture Recognition and Workshops (FG 2011), 2011 IEEE International Conference on},
	Month = {March},
	Title = {Emotion recognition using PHOG and LPQ features},
	Year = {2011},
	Bdsk-Url-1 = {http://dx.doi.org/10.1109/FG.2011.5771366}}

@article{Hinton:2006,
	Acmid = {1161605},
	Address = {Cambridge, MA, USA},
	Author = {Hinton, Geoffrey E. and Osindero, Simon and Teh, Yee-Whye},
	Doi = {10.1162/neco.2006.18.7.1527},
	Issn = {0899-7667},
	Issue_Date = {July 2006},
	Journal = {Neural Comput.},
	Month = jul,
	Number = {7},
	Numpages = {28},
	Pages = {1527--1554},
	Publisher = {MIT Press},
	Title = {A Fast Learning Algorithm for Deep Belief Nets},
	Url = {http://dx.doi.org/10.1162/neco.2006.18.7.1527},
	Volume = {18},
	Year = {2006},
	Bdsk-Url-1 = {http://dx.doi.org/10.1162/neco.2006.18.7.1527}}

@article{Hinton2,
	Author = {G.E. Hinton and R.R. Salakhutdinov},
	Journal = {Science},
	Month = jul,
	Number = {5786},
	Pages = {504 - 507},
	Title = {Reducing the Dimensionality of Data with Neural Networks},
	Volumn = {313},
	Year = {2006}}

@inproceedings{Yamasaki:2014,
	author = {Yamasaki, Toshihiko and others},
	title = {Social Popularity Score: Predicting Numbers of Views, Comments, and Favorites of Social Photos Using Only Annotations},
	booktitle = {Proceedings of the First International Workshop on Internet-Scale Multimedia Management},
	series = {WISMM '14},
	year = {2014},
	publisher = {ACM},
	address = {New York, NY, USA},
	keywords = {annotation, classification, folksonomy, regression, social media, social popularity, text tagging},
} 
%-------------------------------------------------------------------
%Complex NW Language
%--------------------------------------------------------------------
@article{doi:10.1093/her/16.6.693,
author = {White, Marsha and Dorman, Steve M.},
title = {Receiving social support online: implications for health education},
journal = {Health Education Research},
volume = {16},
number = {6},
pages = {693},
year = {2001},
doi = {10.1093/her/16.6.693},
URL = { + http://dx.doi.org/10.1093/her/16.6.693},
eprint = {/oup/backfile/Content_public/Journal/her/16/6/10.1093_her_16.6.693/1/160693.pdf}
}

@article{gonzalez2013broadcasters,
  title={Broadcasters and hidden influentials in online protest diffusion},
  author={Gonz{\'a}lez-Bail{\'o}n, Sandra and Borge-Holthoefer, Javier and Moreno, Yamir},
  journal={American Behavioral Scientist},
  volume={57},
  number={7},
  pages={943--965},
  year={2013},
  publisher={Sage Publications Sage CA: Los Angeles, CA}
}

@incollection{NIPS2013_5021,
title = {Distributed Representations of Words and Phrases and their Compositionality},
author = {Mikolov, Tomas and Sutskever, Ilya and Chen, Kai and Corrado, Greg S and Dean, Jeff},
booktitle = {Advances in Neural Information Processing Systems 26},
editor = {C. J. C. Burges and L. Bottou and M. Welling and Z. Ghahramani and K. Q. Weinberger},
pages = {3111--3119},
year = {2013},
publisher = {Curran Associates, Inc.},
url = {http://papers.nips.cc/paper/5021-distributed-representations-of-words-and-phrases-and-their-compositionality.pdf}
}

@inproceedings{pennington2014glove,
  title={Glove: Global Vectors for Word Representation.},
  author={Pennington, Jeffrey and Socher, Richard and Manning, Christopher D},
  booktitle={EMNLP},
  volume={14},
  pages={1532--1543},
  year={2014}
}

@article{karamshukidentifying,
  title={Identifying Partisan Slant in News Articles and Twitter during Political Crises},
  author={Karamshuk, Dmytro and Lokot, Tetyana and Pryymak, Oleksandr and Sastry, Nishanth}
}

@inproceedings{wilson2005recognizing,
  title={Recognizing contextual polarity in phrase-level sentiment analysis},
  author={Wilson, Theresa and Wiebe, Janyce and Hoffmann, Paul},
  booktitle={Proceedings of the conference on human language technology and empirical methods in natural language processing},
  pages={347--354},
  year={2005},
  organization={Association for Computational Linguistics}
}

@inproceedings{pang2004sentimental,
  title={A sentimental education: Sentiment analysis using subjectivity summarization based on minimum cuts},
  author={Pang, Bo and Lee, Lillian},
  booktitle={Proceedings of the 42nd annual meeting on Association for Computational Linguistics},
  pages={271},
  year={2004},
  organization={Association for Computational Linguistics}
}

@inproceedings{manning2014stanford,
  title={The stanford corenlp natural language processing toolkit.},
  author={Manning, Christopher D and Surdeanu, Mihai and Bauer, John and Finkel, Jenny Rose and Bethard, Steven and McClosky, David},
  booktitle={ACL (System Demonstrations)},
  pages={55--60},
  year={2014}
}

@article{go2009twitter,
  title={Twitter sentiment classification using distant supervision},
  author={Go, Alec and Bhayani, Richa and Huang, Lei},
  journal={CS224N Project Report, Stanford},
  volume={1},
  number={12},
  year={2009}
}

@inproceedings{socher2013recursive,
  title={Recursive deep models for semantic compositionality over a sentiment treebank},
  author={Socher, Richard and Perelygin, Alex and Wu, Jean Y and Chuang, Jason and Manning, Christopher D and Ng, Andrew Y and Potts, Christopher and others},
  booktitle={Proceedings of the conference on empirical methods in natural language processing (EMNLP)},
  volume={1631},
  pages={1642},
  year={2013},
  organization={Citeseer}
}

@article{mcauley2007rich,
  title={Rich-club phenomenon across complex network hierarchies},
  author={McAuley, Julian J and da Fontoura Costa, Luciano and Caetano, Tib{\'e}rio S},
  journal={Applied Physics Letters},
  volume={91},
  number={8},
  pages={084103},
  year={2007},
  publisher={AIP}
}

@article{colizza2006detecting,
  title={Detecting rich-club ordering in complex networks},
  author={Colizza, Vittoria and Flammini, Alessandro and Serrano, M Angeles and Vespignani, Alessandro},
  journal={Nature physics},
  volume={2},
  number={2},
  pages={110--115},
  year={2006},
  publisher={Nature Publishing Group}
}

@article{latora2013social,
  title={Social cohesion, structural holes, and a tale of two measures},
  author={Latora, Vito and Nicosia, Vincenzo and Panzarasa, Pietro},
  journal={Journal of Statistical Physics},
  volume={151},
  number={3-4},
  pages={745--764},
  year={2013},
  publisher={Springer}
}

@article{opsahl2009clustering,
  title={Clustering in weighted networks},
  author={Opsahl, Tore and Panzarasa, Pietro},
  journal={Social networks},
  volume={31},
  number={2},
  pages={155--163},
  year={2009},
  publisher={Elsevier}
}


@article{saramaki2007generalizations,
  title={Generalizations of the clustering coefficient to weighted complex networks},
  author={Saram{\"a}ki, Jari and Kivel{\"a}, Mikko and Onnela, Jukka-Pekka and Kaski, Kimmo and Kertesz, Janos},
  journal={Physical Review E},
  volume={75},
  number={2},
  pages={027105},
  year={2007},
  publisher={APS}
}

@techreport{pennebaker2015development,
  title={The development and psychometric properties of LIWC2015},
  author={Pennebaker, James W and Boyd, Ryan L and Jordan, Kayla and Blackburn, Kate},
  year={2015}
}

@article{watson1989health,
  title={Health complaints, stress, and distress: exploring the central role of negative affectivity.},
  author={Watson, David and Pennebaker, James W},
  journal={Psychological review},
  volume={96},
  number={2},
  pages={234},
  year={1989},
  publisher={American Psychological Association}
}

@article{pennebaker2001linguistic,
  title={Linguistic inquiry and word count: LIWC 2001},
  author={Pennebaker, James W and Francis, Martha E and Booth, Roger J},
  journal={Mahway: Lawrence Erlbaum Associates},
  volume={71},
  number={2001},
  pages={2001},
  year={2001}
}

@inproceedings{cheng2014can,
  title={Can cascades be predicted?},
  author={Cheng, Justin and Adamic, Lada and Dow, P Alex and Kleinberg, Jon Michael and Leskovec, Jure},
  booktitle={Proceedings of the 23rd international conference on World wide web},
  pages={925--936},
  year={2014},
  organization={ACM}
}


@inproceedings{figueiredo2011tube,
  title={The tube over time: characterizing popularity growth of youtube videos},
  author={Figueiredo, Flavio and Benevenuto, Fabr{\'\i}cio and Almeida, Jussara M},
  booktitle={Proceedings of the fourth ACM international conference on Web search and data mining},
  pages={745--754},
  year={2011},
  organization={ACM}
}

@inproceedings{pinto2013using,
  title={Using early view patterns to predict the popularity of youtube videos},
  author={Pinto, Henrique and Almeida, Jussara M and Gon{\c{c}}alves, Marcos A},
  booktitle={Proceedings of the sixth ACM international conference on Web search and data mining},
  pages={365--374},
  year={2013},
  organization={ACM}
}

@article{szabo2010predicting,
  title={Predicting the popularity of online content},
  author={Szabo, Gabor and Huberman, Bernardo A},
  journal={Communications of the ACM},
  volume={53},
  number={8},
  pages={80--88},
  year={2010},
  publisher={ACM}
}

% ------------------------------------------------------------------------

@article{simon1971designing,
  title={Designing organizations for an information-rich world},
  author={Simon, Herbert A},
  year={1971}
}

%=========================================
%BELL LABS
%=========================================

@article{yosinski2015understanding,
  title={Understanding neural networks through deep visualization},
  author={Yosinski, Jason and Clune, Jeff and Nguyen, Anh and Fuchs, Thomas and Lipson, Hod},
  journal={arXiv preprint arXiv:1506.06579},
  year={2015}
}

@inproceedings{zeiler2014visualizing,
  title={Visualizing and understanding convolutional networks},
  author={Zeiler, Matthew D and Fergus, Rob},
  booktitle={European conference on computer vision},
  pages={818--833},
  year={2014},
  organization={Springer}
}


@article{bau2017network,
  title={Network Dissection: Quantifying Interpretability of Deep Visual Representations},
  author={Bau, David and Zhou, Bolei and Khosla, Aditya and Oliva, Aude and Torralba, Antonio},
  journal={arXiv preprint arXiv:1704.05796},
  year={2017}
}

@inproceedings{ribeiro2016should,
  title={Why Should I Trust You?: Explaining the Predictions of Any Classifier},
  author={Ribeiro, Marco Tulio and Singh, Sameer and Guestrin, Carlos},
  booktitle={Proceedings of the 22nd ACM SIGKDD International Conference on Knowledge Discovery and Data Mining},
  pages={1135--1144},
  year={2016},
  organization={ACM}
}

%--------------------------Vine work

@article{slater1998innate,
    title={Innate and learned perceptual abilities in the newborn infant},
    author={Slater, Alan and Kirby, Rachel},
    journal={Experimental Brain Research},
    volume={123},
    number={1-2},
    pages={90--94},
    year={1998},
    publisher={Springer}
}

@inproceedings{nwana2013latent,
    title={A latent social approach to youtube popularity prediction},
    author={Nwana, Amandianeze O and others},
    booktitle={2013 IEEE  (GLOBECOM)},
    pages={3138--3144},
    year={2013},
    organization={IEEE}
}
@inproceedings{pinto2013using,
    title={Using early view patterns to predict the popularity of youtube videos},
    author={Pinto, Henrique and others},
    booktitle={Proceedings of the sixth ACM ICWSM},
    pages={365--374},
    year={2013},
    organization={ACM}
}

@article{o2008user,
    Author = {O'Brien, Heather L and Toms, Elaine G},
    Journal = {Journal of the American Society for Information Science and Technology},
    Number = {6},
    Pages = {938--955},
    Publisher = {Wiley Online Library},
    Title = {What is user engagement? A conceptual framework for defining user engagement with technology},
    Volume = {59},
    Year = {2008}}

@article{leung2009user,
    Author = {Leung, Louis},
    Journal = {New media \& society},
    Number = {8},
    Pages = {1327--1347},
    Publisher = {SAGE Publications},
    Title = {User-generated content on the internet: an examination of gratifications, civic engagement and psychological empowerment},
    Volume = {11},
    Year = {2009}}

@article{pogue13,
    Author = {David Pogue},
    Journal = {Scientific American},
    Month = {May},
    Title = {Why Are Micro Movies So Popular These Days?},
    Year = {2013}}

@misc{bbc,
    Author = {David Grossman},
    Howpublished = {{BBC} Newsnight},
    Month = {Sep},
    Title = {Can micro video change how we communicate?},
    Year = 2013}

@inproceedings{bardzell2009understanding,
    Author = {Bardzell, Shaowen and others },
    Booktitle = {2009 3rd International Conference on Affective Computing and Intelligent Interaction and Workshops},
    Organization = {IEEE},
    Pages = {1--8},
    Title = {Understanding affective interaction: Emotion, engagement, and internet videos},
    Year = {2009}}

@inproceedings{fontanini2016web,
    Author = {Fontanini, Giulia and others},
    Booktitle = {Proceedings of the 2016 ACM on ICMR},
    Organization = {ACM},
    Pages = {289--292},
    Title = {Web Video Popularity Prediction using Sentiment and Content Visual Features},
    Year = {2016}}

@inproceedings{louppe2013understanding,
    Author = {Louppe, Gilles and others},
    Booktitle = {NIPS},
    Pages = {431--439},
    Title = {Understanding variable importances in forests of randomized trees},
    Year = {2013}}

@article{eckler2011spreading,
    Author = {Eckler, Petya and Bolls, Paul},
    Journal = {Journal of Interactive Advertising},
    Number = {2},
    Pages = {1--11},
    Publisher = {Taylor \& Francis},
    Title = {Spreading the virus: Emotional tone of viral advertising and its effect on forwarding intentions and attitudes},
    Volume = {11},
    Year = {2011}}

@inproceedings{Jiang:2014:VVS:2578726.2578754,
    Acmid = {2578754},
    Address = {New York, NY, USA},
    Articleno = {193},
    Author = {Jiang, Lu and others},
    Publisher = {ACM},
    Series = {ICMR '14},
    Title = {Viral Video Style: A Closer Look at Viral Videos on YouTube},
    Url = {http://doi.acm.org/10.1145/2578726.2578754},
    Year = {2014},
    Bdsk-Url-1 = {http://doi.acm.org/10.1145/2578726.2578754},
    Bdsk-Url-2 = {http://dx.doi.org/10.1145/2578726.2578754}}

@inproceedings{Cha2009Flickr,
    Acmid = {1526806},
    Address = {New York, NY, USA},
    Author = {Cha, Meeyoung and others},
    Booktitle = {Proceedings of the 18th WWW},
    Doi = {10.1145/1526709.1526806},
    Isbn = {978-1-60558-487-4},
    Numpages = {10},
    Pages = {721--730},
    Publisher = {ACM},
    Series = {WWW '09},
    Title = {A Measurement-driven Analysis of Information Propagation in the Flickr Social Network},
    Year = {2009}}

@inproceedings{Valafar2009,
    Acmid = {1592672},
    Address = {New York, NY, USA},
    Author = {Valafar, Masoud and others},
    Booktitle = {Proceedings of the 2Nd ACM Workshop on Online Social Networks},
    Doi = {10.1145/1592665.1592672},
    Isbn = {978-1-60558-445-4},
    Title = {Beyond Friendship Graphs: A Study of User Interactions in Flickr},
    Url = {http://doi.acm.org/10.1145/1592665.1592672},
    Year = {2009}}


@inproceedings{Joo2014b,
    Author = {Joo, Jungseock and others},
    Booktitle = {Proceedings of the IEEE CVPR },
    Doi = {10.1109/CVPR.2014.35},
    Isbn = {9781479951178},
    Issn = {10636919},
    Keywords = {Communicative Intents,Human Attributes,Media Application,Visual Persuasion,Visual Sentiment Analysis},
    Pages = {216--223},
    Title = {{Visual persuasion: Inferring communicative intents of images}},
    Year = {2014},
    Bdsk-Url-1 = {http://dx.doi.org/10.1109/CVPR.2014.35}}

@inproceedings{datta2008algorithmic,
    Author = {Datta, Ritendra and others},
    Booktitle = {2008 15th IEEE ICIP },
    Organization = {IEEE},
    Pages = {105--108},
    Title = {Algorithmic inferencing of aesthetics and emotion in natural images: An exposition},
    Year = {2008}}

@inproceedings{huiskes08,
    Address = {New York, NY, USA},
    Author = {Mark J. Huiskes and Michael S. Lew},
    Booktitle = {MIR '08: Proceedings of the 2008 ACM ICMR },
    Location = {Vancouver, Canada},
    Publisher = {ACM},
    Title = {The MIR Flickr Retrieval Evaluation},
    Year = {2008}}

@article{viola2004robust,
    Author = {Viola, Paul and Jones, Michael J},
    Journal = {International journal of computer vision},
    Number = {2},
    Pages = {137--154},
    Publisher = {Springer},
    Title = {Robust real-time face detection},
    Volume = {57},
    Year = {2004}}

@inproceedings{predictingPintrest,
    Acmid = {2741671},
    Address = {New York, NY, USA},
    Author = {Zhong, Changtao and others},
    Booktitle = {Proceedings of the 24th WWW},
    Publisher = {ACM},
    Series = {WWW '15},
    Title = {Predicting Pinterest: Automating a Distributed Human Computation},
    Year = {2015}}

@article{huang2006natural,
    Author = {Huang, Kai-Qi and Wang, Qiao and Wu, Zhen-Yang},
    Journal = {Computer Vision and Image Understanding},
    Number = {1},
    Pages = {52--63},
    Publisher = {Elsevier},
    Title = {Natural color image enhancement and evaluation algorithm based on human visual system},
    Volume = {103},
    Year = {2006}}

@inproceedings{Hare:2011:OIJ:2072298.2072421,
    Acmid = {2072421},
    Address = {New York, NY, USA},
    Author = {Hare, Jonathon S. and others.},
    Booktitle = {Proceedings of the 19th ACM MM},
    Doi = {10.1145/2072298.2072421},
    Isbn = {978-1-4503-0616-4},
    Location = {Scottsdale, Arizona, USA},
    Numpages = {4},
    Pages = {691--694},
    Publisher = {ACM},
    Series = {MM '11},
    Title = {OpenIMAJ and ImageTerrier: Java libraries and tools for scalable multimedia analysis and indexing of images},
    Url = {http://doi.acm.org/10.1145/2072298.2072421},
    Year = {2011}}

@inproceedings{luo2008photo,
    Author = {Luo, Yiwen and Tang, Xiaoou},
    Booktitle = {European Conference on Computer Vision},
    Organization = {Springer},
    Pages = {386--399},
    Title = {Photo and video quality evaluation: Focusing on the subject},
    Year = {2008}}

@inproceedings{khosla2014makes,
    Author = {Khosla, Aditya and others},
    Booktitle = {Proceedings of the 23rd WWW},
    Organization = {International World Wide Web Conferences Steering Committee},
    Pages = {867--876},
    Title = {What makes an image popular?},
    Year = {2014}}

@inproceedings{ke2006design,
    Author = {Ke, Yan and Tang, Xiaoou and Jing, Feng},
    Booktitle = {2006 IEEE CVPR'06 },
    Organization = {IEEE},
    Pages = {419--426},
    Title = {The design of high-level features for photo quality assessment},
    Volume = {1},
    Year = {2006}}

@inproceedings{wang2015inferring,
    Author = {Wang, Yilin and others},
    Booktitle = {Ninth ICWSM},
    Title = {Inferring Sentiment from Web Images with Joint Inference on Visual and Social Cues: A Regulated Matrix Factorization Approach},
    Year = {2015}}

@inproceedings{lartillot2007matlab,
    Author = {Lartillot, Olivier and Toiviainen, Petri},
    Booktitle = {International Conference on Digital Audio Effects},
    Pages = {237--244},
    Title = {A Matlab toolbox for musical feature extraction from audio},
    Year = {2007}}

@article{laurier2009exploring,
    Author = {Laurier, Cyril and Lartillot, Olivier and Eerola, Tuomas and Toiviainen, Petri},
    Title = {Exploring relationships between audio features and emotion in music},
    Year = {2009}}

@article{reagan2016emotional,
    Author = {Reagan, Andrew J and Mitchell, Lewis and Kiley, Dilan and Danforth, Christopher M and Dodds, Peter Sheridan},
    Journal = {arXiv preprint arXiv:1606.07772},
    Title = {The emotional arcs of stories are dominated by six basic shapes},
    Year = {2016}}

@inproceedings{Isola2011,
    Author = {Phillip Isola and others},
    Booktitle = {IEEE CVPR},
    Pages = {145-152},
    Title = {What makes an image memorable?},
    Year = {2011}}

@inproceedings{yeh2010personalized,
    Author = {Yeh, Che-Hua et al.},
    Booktitle = {Proceedings of the 18th ACM MM},
    Organization = {ACM},
    Pages = {211--220},
    Title = {Personalized photograph ranking and selection system},
    Year = {2010}}

@inproceedings{goodfellow2013challenges,
    Author = {Goodfellow et. al},
    Booktitle = {NIPS},
    Organization = {Springer},
    Pages = {117--124},
    Title = {Challenges in representation learning: A report on three machine learning contests},
    Year = {2013}}



@inproceedings{jou2015visual,
    Author = {Jou, Brendan and others},
    Booktitle = {Proceedings of the 23rd ACM MM },
    Organization = {ACM},
    Pages = {159--168},
    Title = {Visual affect around the world: A large-scale multilingual visual sentiment ontology},
    Year = {2015}}

@inproceedings{schifanella2016detecting,
    Author = {Schifanella, Rossano and others},
    Booktitle = {Proceedings of the 2016 ACM MM },
    Organization = {ACM},
    Pages = {1136--1145},
    Title = {Detecting Sarcasm in Multimodal Social Platforms},
    Year = {2016}}

@article{nguyen2016open,
    Author = {Nguyen, Phuc Xuan and Rogez, Gregory and Fowlkes, Charless and Ramamnan, Deva},
    Journal = {arXiv preprint arXiv:1603.09439},
    Title = {The Open World of Micro-Videos},
    Year = {2016}}

@inproceedings{Mazloom:2016:MPP:2964284.2967210,
    Acmid = {2967210},
    Address = {New York, NY, USA},
    Author = {Mazloom and others},
    Booktitle = {Proceedings of the 2016 ACM on Multimedia Conference},
    Doi = {10.1145/2964284.2967210},
    Isbn = {978-1-4503-3603-1},
    Keywords = {brand-related user post, instagram, popularity prediction},
    Series = {MM '16},
    Title = {Multimodal Popularity Prediction of Brand-related Social Media Posts},
    Url = {http://doi.acm.org/10.1145/2964284.2967210},
    Year = {2016}}

@article{bonato2016mining,
    Author = {Bonato, Anthony and D'Angelo, David Ryan and Elenberg, Ethan R and Gleich, David F and Hou, Yangyang},
    Journal = {arXiv preprint arXiv:1608.00646},
    Title = {Mining and modeling character networks},
    Year = {2016}}

@inproceedings{Chen:2016:MTM:2964284.2964314,
    Acmid = {2964314},
    Address = {New York, NY, USA},
    Author = {Chen, Jingyuan and others},
    Booktitle = {Proceedings of the 2016 ACM on Multimedia Conference},
    Doi = {10.1145/2964284.2964314},
    Isbn = {978-1-4503-3603-1},
    Numpages = {10},
    Pages = {898--907},
    Publisher = {ACM},
    Series = {MM '16},
    Title = {Micro Tells Macro: Predicting the Popularity of Micro-Videos via a Transductive Model},
    Url = {http://doi.acm.org/10.1145/2964284.2964314},
    Year = {2016}}

@inproceedings{isola2011makes,
    Author = {Isola, Phillip and Xiao, Jianxiong and Torralba, Antonio and Oliva, Aude},
    Booktitle = {CVPR, 2011 IEEE Conference on},
    Organization = {IEEE},
    Pages = {145--152},
    Title = {What makes an image memorable?},
    Year = {2011}}

@inproceedings{redi20146,
    Author = {Redi, Miriam and Others},
    Booktitle = {Proceedings of the IEEE CVPR},
    Pages = {4272--4279},
    Title = {6 seconds of sound and vision: Creativity in micro-videos},
    Year = {2014}}

@inproceedings{schifanella2015image,
    Author = {Rossano Schifanella and others},
    Booktitle = {Proceedings of THE 9TH ICWSM 2015},
    Title = {An Image is Worth More than a Thousand Favorites: Surfacing the Hidden Beauty of Flickr Pictures},
    Year = {2015}}

@inproceedings{totti14impact,
    Acmid = {2615700},
    Address = {New York, NY, USA},
    Author = {Totti and others},
    Booktitle = {Proceedings of the 2014 ACM Conference on Web Science},
    Doi = {10.1145/2615569.2615700},
    Isbn = {978-1-4503-2622-3},
    Keywords = {image popularity, information diffusion, popularity prediction},
    Publisher = {ACM},
    Series = {WebSci '14},
    Title = {The Impact of Visual Attributes on Online Image Diffusion},
    Year = {2014},
    Bdsk-Url-1 = {http://doi.acm.org/10.1145/2615569.2615700},
    Bdsk-Url-2 = {http://dx.doi.org/10.1145/2615569.2615700}}

@inproceedings{Souza2015,
    Archiveprefix = {arXiv},
    Arxivid = {1510.05700},
    Author = {Souza, Fl{\'{a}}vio and others},
    Booktitle = {Proceedings of the 2015 ACM- COSN '15},
    Doi = {10.1145/2817946.2817948},
    Keywords = {cultural boundaries,instagram,selfies},
    Title = {{Dawn of the selfie era: The whos, wheres, and hows of selfies on Instagram}},
    Url = {http://arxiv.org/abs/1510.05700$\backslash$nhttp://dl.acm.org/citation.cfm?doid=2817946.2817948},
    Year = {2015},
    Bdsk-Url-1 = {http://arxiv.org/abs/1510.05700$%5Cbackslash$nhttp://dl.acm.org/citation.cfm?doid=2817946.2817948},
    Bdsk-Url-2 = {http://dx.doi.org/10.1145/2817946.2817948}}

@inproceedings{zheng2015towards,
    Author = {Zheng, Danning and others},
    Booktitle = {Ninth International AAAI ICWSM},
    Title = {Towards Lifestyle Understanding: Predicting Home and Vacation Locations from User's Online Photo Collections},
    Year = {2015}}

@article{redi2015like,
    Author = {Redi, Miriam and others},
    Journal = {arXiv preprint arXiv:1505.07522},
    Title = {Like Partying? Your Face Says It All. Predicting the Ambiance of Places with Profile Pictures},
    Year = {2015}}

@article{Jeni:2012:SEV:2379846.2380033,
    Acmid = {2380033},
    Address = {Newton, MA, USA},
    Author = {Jeni, L\'{a}Szl\'{o} A. and Lrincz, Andr\'{a}S and Nagy, Tam\'{a}S and Palotai, Zsolt and Sebk, Judit and Szab\'{o}, Zolt\'{a}N and Tak\'{a}Cs, D\'{a}Niel},
    Doi = {10.1016/j.imavis.2012.02.003},
    Issn = {0262-8856},
    Issue_Date = {October, 2012},
    Journal = {Image Vision Comput.},
    Keywords = {Action unit recognition, BU-4DFE, CK+, Constrained Local Model, Emotion classification, Shape information},
    Month = oct,
    Title = {3D Shape Estimation in Video Sequences Provides High Precision Evaluation of Facial Expressions},
    Url = {http://dx.doi.org/10.1016/j.imavis.2012.02.003},
    Volume = {30},
    Year = {2012},
    Bdsk-Url-1 = {http://dx.doi.org/10.1016/j.imavis.2012.02.003}}

@article{kanade,
    Author = {Y. I. Tian and T. Kanade and J. F. Cohn},
    Doi = {10.1109/34.908962},
    Issn = {0162-8828},
    Journal = {IEEE Transactions on Pattern Analysis and Machine Intelligence},
    Keywords = {face recognition;feature extraction;image sequences;tracking;AU;FACS;Facial Action Coding System;action unit recognition;anger;automatic facial expression analysis;cheeks;discrete facial features;eyebrows;eyes;facial furrows;fear;frontal-view face image sequence;happiness;image databases;lips;mouth;multistate face models;neutral expression;parametric descriptions;surprise;tracking;Eyes;Face recognition;Facial features;Gold;Humans;Image analysis;Image sequence analysis;Mouth;Prototypes;Transient analysis},
    Month = {Feb},
    Number = {2},
    Pages = {97-115},
    Title = {Recognizing action units for facial expression analysis},
    Volume = {23},
    Year = {2001},
    Bdsk-Url-1 = {http://dx.doi.org/10.1109/34.908962}}

@inproceedings{Quercia1,
    Acmid = {2488000},
    Address = {New York, NY, USA},
    Author = {Quercia, Daniele},
    Booktitle = {Proceedings of the 22Nd WWW},
    Doi = {10.1145/2487788.2488000},
    Isbn = {978-1-4503-2038-2},
    Keywords = {social media, urban informatics, web science},
    Location = {Rio de Janeiro, Brazil},
    Numpages = {2},
    Pages = {591--592},
    Publisher = {ACM},
    Series = {WWW '13 Companion},
    Title = {Urban: Crowdsourcing for the Good of London},
    Url = {http://doi.acm.org/10.1145/2487788.2488000},
    Year = {2013},
    Bdsk-Url-1 = {http://doi.acm.org/10.1145/2487788.2488000},
    Bdsk-Url-2 = {http://dx.doi.org/10.1145/2487788.2488000}}

@article{jeni20123d,
    Author = {Jeni, L{\'a}szl{\'o} A and L{\H{o}}rincz, Andr{\'a}s and Nagy, Tam{\'a}s and Palotai, Zsolt and Seb{\H{o}}k, Judit and Szab{\'o}, Zolt{\'a}n and Tak{\'a}cs, D{\'a}niel},
    Journal = {Image and Vision Computing},
    Number = {10},
    Pages = {785--795},
    Publisher = {Elsevier},
    Title = {3D shape estimation in video sequences provides high precision evaluation of facial expressions},
    Volume = {30},
    Year = {2012}}

@inproceedings{nikhil,
    Author = {N. Naik and J. Philipoom and R. Raskar and C. Hidalgo},
    Booktitle = {Computer Vision and Pattern Recognition Workshops (CVPRW), 2014 IEEE Conference on},
    Doi = {10.1109/CVPRW.2014.121},
    Keywords = {feature extraction;geographic information systems;image colour analysis;image resolution;regression analysis;social sciences computing;support vector machines;GIST;Google Streetview;city neighborhoods;color histograms;economic consequences;economists;geometric texton;high resolution maps;image features;perceived safety;scene understanding algorithm;social consequences;social science literature;social scientists;streetscapes;streetscore;support vector regression;urban perception;urban planners;visual appearance;Cities and towns;Feature extraction;Histograms;Image color analysis;Safety;Training;Visualization;internet vision;trueskill;urban computing;urban planning;visual analysis beyond semantics},
    Month = {June},
    Pages = {793-799},
    Title = {Streetscore -- Predicting the Perceived Safety of One Million Streetscapes},
    Year = {2014},
    Bdsk-Url-1 = {http://dx.doi.org/10.1109/CVPRW.2014.121}}

@misc{urbanGems,
    Author = {Adam Barwell, Daniele Quercia, Jon Crowcroft},
    Title = {http://www.cam.ac.uk/research/news/how-to crowdsource-your-happy-space},
    Year = {2012}}

@inproceedings{SentiBank,
    Acmid = {2502282},
    Address = {New York, NY, USA},
    Author = {Borth, Damian and others},
    Booktitle = {Proceedings of the 21st ACM MM},
    Doi = {10.1145/2502081.2502282},
    Isbn = {978-1-4503-2404-5},
    Keywords = {concept detection, ontology, sentiment prediction, social multimedia},
    Publisher = {ACM},
    Series = {MM '13},
    Title = {Large-scale Visual Sentiment Ontology and Detectors Using Adjective Noun Pairs},
    Url = {http://doi.acm.org/10.1145/2502081.2502282},
    Year = {2013},
    Bdsk-Url-1 = {http://doi.acm.org/10.1145/2502081.2502282},
    Bdsk-Url-2 = {http://dx.doi.org/10.1145/2502081.2502282}}

@inproceedings{Zhao:2015:PCP:2733373.2806354,
    Acmid = {2806354},
    Address = {New York, NY, USA},
    Author = {Zhao, Sicheng and others},
    Booktitle = {Proceedings of the 23rd ACM MM},
    Doi = {10.1145/2733373.2806354},
    Isbn = {978-1-4503-3459-4},
    Series = {MM '15},
    Title = {Predicting Continuous Probability Distribution of Image Emotions in Valence-Arousal Space}}

@inproceedings{Campos:2015:DDS:2813524.2813530,
    Acmid = {2813530},
    Address = {New York, NY, USA},
    Author = {Campos, Victor and others},
    Booktitle = {Proceedings of the 1st International Workshop on Affect \&\#38; Sentiment in Multimedia},
    Publisher = {ACM},
    Series = {ASM '15},
    Title = {Diving Deep into Sentiment: Understanding Fine-tuned CNNs for Visual Sentiment Prediction}}

@inproceedings{Wang:2015:USA:2832415.2832579,
    Acmid = {2832579},
    Author = {Wang, Yilin and others},
    Booktitle = {Proceedings of the 24th International Conference on Artificial Intelligence},
    Isbn = {978-1-57735-738-4},
    Publisher = {AAAI Press},
    Series = {IJCAI'15},
    Title = {Unsupervised Sentiment Analysis for Social Media Images},
    Url = {http://dl.acm.org/citation.cfm?id=2832415.2832579},
    Year = {2015},
    Bdsk-Url-1 = {http://dl.acm.org/citation.cfm?id=2832415.2832579}}

@inproceedings{ESIRSurvey,
    Author = {Weining Wang and Qianhua He},
    Booktitle = {Image Processing, 2008. ICIP 2008},
    Doi = {10.1109/ICIP.2008.4711705},
    Issn = {1522-4880},
    Month = {Oct},
    Pages = {117-120},
    Title = {A survey on emotional semantic image retrieval},
    Year = {2008},
    Bdsk-Url-1 = {http://dx.doi.org/10.1109/ICIP.2008.4711705}}

@article{CBIRSurvey,
    Author = {Ying Liu and Dengsheng Zhang and Guojun Lu and Wei-Ying Ma},
    Doi = {http://dx.doi.org/10.1016/j.patcog.2006.04.045},
    Issn = {0031-3203},
    Journal = {Pattern Recognition},
    Keywords = {Survey},
    Number = {1},
    Pages = {262 - 282},
    Title = {A survey of content-based image retrieval with high-level semantics},
    Url = {http://www.sciencedirect.com/science/article/pii/S0031320306002184},
    Volume = {40},
    Year = {2007},
    Bdsk-Url-1 = {http://www.sciencedirect.com/science/article/pii/S0031320306002184},
    Bdsk-Url-2 = {http://dx.doi.org/10.1016/j.patcog.2006.04.045}}

@inproceedings{Machajdik,
    Acmid = {1873965},
    Address = {New York, NY, USA},
    Author = {Machajdik, Jana and Hanbury, Allan},
    Booktitle = {Proceedings of the 18th ACM MM},
    Doi = {10.1145/1873951.1873965},
    Isbn = {978-1-60558-933-6},
    Keywords = {art theory, emotional semantic image retrieval, image affect, image classification, image features, psychology},
    Publisher = {ACM},
    Series = {MM '10},
    Title = {Affective Image Classification Using Features Inspired by Psychology and Art Theory},
    Url = {http://doi.acm.org/10.1145/1873951.1873965},
    Year = {2010},
    Bdsk-Url-1 = {http://doi.acm.org/10.1145/1873951.1873965},
    Bdsk-Url-2 = {http://dx.doi.org/10.1145/1873951.1873965}}

@inproceedings{Video2Text,
    Acmid = {1677248},
    Address = {Washington, DC, USA},
    Author = {Aradhye, Hrishikesh and Toderici, George and Yagnik, Jay},
    Booktitle = {Proceedings of the 2009 IEEE International Conference on Data Mining Workshops},
    Doi = {10.1109/ICDMW.2009.79},
    Isbn = {978-0-7695-3902-7},
    Numpages = {8},
    Pages = {144--151},
    Publisher = {IEEE Computer Society},
    Series = {ICDMW '09},
    Title = {Video2Text: Learning to Annotate Video Content},
    Url = {http://dx.doi.org/10.1109/ICDMW.2009.79},
    Year = {2009},
    Bdsk-Url-1 = {http://dx.doi.org/10.1109/ICDMW.2009.79}}

@article{Snoek:2009:CVR:1576259.1576260,
    Acmid = {1576260},
    Address = {Hanover, MA, USA},
    Author = {Snoek, Cees G. M. and Worring, Marcel},
    Doi = {10.1561/1500000014},
    Issn = {1554-0669},
    Issue_Date = {April 2008},
    Journal = {Found. Trends Inf. Retr.},
    Month = apr,
    Number = {4},
    Numpages = {108},
    Pages = {215--322},
    Publisher = {Now Publishers Inc.},
    Title = {Concept-Based Video Retrieval},
    Url = {http://dx.doi.org/10.1561/1500000014},
    Volume = {2},
    Year = {2009},
    Bdsk-Url-1 = {http://dx.doi.org/10.1561/1500000014}}

@inproceedings{6126444,
    Author = {L. Marchesotti and others},
    Booktitle = {Computer Vision (ICCV), 2011 IEEE International Conference on},
    Doi = {10.1109/ICCV.2011.6126444},
    Issn = {1550-5499},
    Month = {Nov},
    Pages = {1784-1791},
    Title = {Assessing the aesthetic quality of photographs using generic image descriptors},
    Year = {2011},
    Bdsk-Url-1 = {http://dx.doi.org/10.1109/ICCV.2011.6126444}}

@inproceedings{goodSelfie,
    Acmid = {2806365},
    Address = {New York, NY, USA},
    Author = {Kalayeh et.al },
    Booktitle = {Proceedings of the 23rd ACM International Conference on Multimedia},
    Doi = {10.1145/2733373.2806365},
    Isbn = {978-1-4503-3459-4},
    Keywords = {recommendation models, selfie, sentiment analysis, social media},
    Location = {Brisbane, Australia},
    Numpages = {4},
    Pages = {923--926},
    Publisher = {ACM},
    Series = {MM '15},
    Title = {How to Take a Good Selfie?},
    Url = {http://doi.acm.org/10.1145/2733373.2806365},
    Year = {2015},
    Bdsk-Url-1 = {http://doi.acm.org/10.1145/2733373.2806365},
    Bdsk-Url-2 = {http://dx.doi.org/10.1145/2733373.2806365}}

@inproceedings{Khosla:2014,
    Acmid = {2567996},
    Address = {New York, NY, USA},
    Author = {Khosla, Aditya and others},
    Booktitle = {Proceedings of the 23rd International Conference on World Wide Web},
    Series = {WWW '14},
    Title = {What Makes an Image Popular?},
    Url = {http://doi.acm.org/10.1145/2566486.2567996},
    Year = {2014},
    Bdsk-Url-1 = {http://doi.acm.org/10.1145/2566486.2567996},
    Bdsk-Url-2 = {http://dx.doi.org/10.1145/2566486.2567996}}

@article{7175072,
    Author = {A. Marcos-Ramiro and others },
    Doi = {10.1109/TMM.2015.2464152},
    Issn = {1520-9210},
    Journal = {IEEE Transactions on Multimedia},
    Month = {Oct},
    Title = {Let Your Body Speak: Communicative Cue Extraction on Natural Interaction Using RGBD Data},
    Volume = {17},
    Year = {2015},
    Bdsk-Url-1 = {http://dx.doi.org/10.1109/TMM.2015.2464152}}

@inproceedings{670980,
    Author = {J. J. Lien and others},
    Booktitle = {Automatic Face and Gesture Recognition, 1998. Proceedings. Third IEEE International Conference on},
    Month = {Apr},
    Title = {Automated facial expression recognition based on FACS action units},
    Year = {1998}}

@article{FACS,
    Author = {P. Ekman and W. V. Friesen},
    Journal = {Consulting Psychologists Press Inc. San Francisco CA},
    Title = {The Facial Action Coding System},
    Year = {1978}}

@book{freeman2007photographer,
    Author = {Freeman, Michael},
    Publisher = {Focal Press},
    Title = {The Photographer's Eye: Composition and Design for Better Digital Photos},
    Volume = {1},
    Year = {2007}}

@article{pappas2016multilingual,
    Author = {Pappas, Nikolaos and others},
    Journal = {arXiv preprint arXiv:1606.02276},
    Title = {Multilingual visual sentiment concept matching},
    Year = {2016}}

@article{ranjan2017hyperface,
    title={Hyperface: A deep multi-task learning framework for face detection, landmark localization, pose estimation, and gender recognition},
    author={Ranjan, Rajeev and Patel, Vishal M and Chellappa, Rama},
    journal={IEEE Transactions on Pattern Analysis and Machine Intelligence},
    volume={41},
    number={1},
    pages={121--135},
    year={2017},
    publisher={IEEE}
}

@inproceedings{kim2013deep,
    title={Deep learning for robust feature generation in audiovisual emotion recognition},
    author={Kim, Yelin and Lee, Honglak and Provost, Emily Mower},
    booktitle={2013 IEEE international conference on acoustics, speech and signal processing},
    pages={3687--3691},
    year={2013},
    organization={IEEE}
}

@inproceedings{krizhevsky2012imagenet,
    Author = {Krizhevsky, Alex and others},
    Booktitle = {NIPS},
    Pages = {1097--1105},
    Title = {Imagenet classification with deep convolutional neural networks},
    Year = {2012}}

@inproceedings{1027968,
    Acmid = {1027968},
    Address = {New York, NY, USA},
    Author = {Busso, Carlos and others},
    Booktitle = {Proceedings of the 6th International Conference on Multimodal Interfaces},
    Publisher = {ACM},
    Series = {ICMI '04},
    Title = {Analysis of Emotion Recognition Using Facial Expressions, Speech and Multimodal Information}}

@inproceedings{5771366,
    Author = {A. Dhall and others},
    Booktitle = {Automatic Face Gesture Recognition and Workshops (FG 2011), 2011 IEEE International Conference on},
    Month = {March},
    Title = {Emotion recognition using PHOG and LPQ features},
    Year = {2011},
    Bdsk-Url-1 = {http://dx.doi.org/10.1109/FG.2011.5771366}}

@article{Hinton:2006,
    Acmid = {1161605},
    Address = {Cambridge, MA, USA},
    Author = {Hinton, Geoffrey E. and Osindero, Simon and Teh, Yee-Whye},
    Doi = {10.1162/neco.2006.18.7.1527},
    Issn = {0899-7667},
    Issue_Date = {July 2006},
    Journal = {Neural Comput.},
    Month = jul,
    Number = {7},
    Numpages = {28},
    Pages = {1527--1554},
    Publisher = {MIT Press},
    Title = {A Fast Learning Algorithm for Deep Belief Nets},
    Url = {http://dx.doi.org/10.1162/neco.2006.18.7.1527},
    Volume = {18},
    Year = {2006},
    Bdsk-Url-1 = {http://dx.doi.org/10.1162/neco.2006.18.7.1527}}

@article{Hinton2,
    Author = {G.E. Hinton and R.R. Salakhutdinov},
    Journal = {Science},
    Month = jul,
    Number = {5786},
    Pages = {504 - 507},
    Title = {Reducing the Dimensionality of Data with Neural Networks},
    Volumn = {313},
    Year = {2006}}

@inproceedings{Yamasaki:2014,
    author = {Yamasaki, Toshihiko and others},
    title = {Social Popularity Score: Predicting Numbers of Views, Comments, and Favorites of Social Photos Using Only Annotations},
    booktitle = {Proceedings of the First International Workshop on Internet-Scale Multimedia Management},
    series = {WISMM '14},
    year = {2014},
    publisher = {ACM},
    address = {New York, NY, USA},
    keywords = {annotation, classification, folksonomy, regression, social media, social popularity, text tagging},
} 


%-----------------------------------------------Facelift Bib




@article{taigman2016unsupervised,
    title={Unsupervised cross-domain image generation},
    author={Taigman, Yaniv and Polyak, Adam and Wolf, Lior},
    journal={arXiv preprint arXiv:1611.02200},
    year={2016}
}


@inproceedings{ma2018disentangled,
    title={Disentangled person image generation},
    author={Ma, Liqian and Sun, Qianru and Georgoulis, Stamatios and Van Gool, Luc and Schiele, Bernt and Fritz, Mario},
    booktitle={{Proceedings of the IEEE Conference on Computer Vision and Pattern Recognition}},
    pages={99--108},
    year={2018}
}


@misc{yan2015attribute2image,
    title={Attribute2image: Conditional image generation from visual attributes. CoRR abs/1512.00570},
    author={Yan, Xinchen and Yang, Jimei and Sohn, Kihyuk and Lee, Honglak},
    year={2015}
}



@article{alhaija2018augmented,
    title={Augmented reality meets computer vision: Efficient data generation for urban driving scenes},
    author={Alhaija, Hassan Abu and Mustikovela, Siva Karthik and Mescheder, Lars and Geiger, Andreas and Rother, Carsten},
    journal={International Journal of Computer Vision},
    volume={126},
    number={9},
    pages={961--972},
    year={2018},
    publisher={Springer}
}


@article{srivastava2014dropout,
    title={Dropout: a simple way to prevent neural networks from overfitting},
    author={Srivastava, Nitish and Hinton, Geoffrey and Krizhevsky, Alex and Sutskever, Ilya and Salakhutdinov, Ruslan},
    journal={The Journal of Machine Learning Research},
    volume={15},
    number={1},
    pages={1929--1958},
    year={2014},
    publisher={JMLR. org}
}

@inproceedings{ledig2017photo,
    title={Photo-realistic single image super-resolution using a generative adversarial network},
    author={Ledig, Christian and Theis, Lucas and Husz{\'a}r, Ferenc and Caballero, Jose and Cunningham, Andrew and Acosta, Alejandro and Aitken, Andrew and Tejani, Alykhan and Totz, Johannes and Wang, Zehan and others},
    booktitle={{Proceedings of the IEEE Conference on Computer Vision and Pattern Recognition}},
    pages={4681--4690},
    year={2017}
}

@article{luc2016semantic,
    title={Semantic segmentation using adversarial networks},
    author={Luc, Pauline and Couprie, Camille and Chintala, Soumith and Verbeek, Jakob},
    journal={arXiv preprint arXiv:1611.08408},
    year={2016}
}


@inproceedings{pathak2016context,
    title={Context encoders: Feature learning by inpainting},
    author={Pathak, Deepak and Krahenbuhl, Philipp and Donahue, Jeff and Darrell, Trevor and Efros, Alexei A},
    booktitle={{Proceedings of the IEEE Conference on Computer Vision and Pattern Recognition}},
    pages={2536--2544},
    year={2016}
}


@article{arietta2014city,
    title={City forensics: Using visual elements to predict non-visual city attributes},
    author={Arietta, Sean M and Efros, Alexei A and Ramamoorthi, Ravi and Agrawala, Maneesh},
    journal={{IEEE Transactions on Visualization and Computer Graphics}},
    volume={20},
    number={12},
    pages={2624--2633},
    year={2014},
    publisher={IEEE}
}


@article{kaplan1972rated,
    title={Rated preference and complexity for natural and urban visual material},
    author={Kaplan, Stephen and Kaplan, Rachel and Wendt, John S},
    journal={Perception \& Psychophysics},
    volume={12},
    number={4},
    pages={354--356},
    year={1972},
    publisher={Springer}
}


@inproceedings{stadler2011exploring,
    title={Exploring the relationship between Land Cover and subjective evaluation of scenic beauty through user generated content},
    author={Stadler, B and Purves, R and Tomko, M},
    booktitle={Proceedings of the 25th international cartographic conference},
    year={2011}
}


@article{frontage,
    author = {Stephen Law and Chanuki Illushka Seresinhe and Yao Shen and Mario Gutierrez-Roig},
    title = {{Street-Frontage-Net: urban image classification using deep convolutional neural networks}},
    journal = {{International Journal of Geographical Information Science}},
    pages = {1-27},
    year  = {2018},
    publisher = {Taylor & Francis},    
}

@article{law2018take,
    title={Take a look around: using street view and satellite images to estimate house prices},
    author={Law, Stephen and Paige, Brooks and Russell, Chris},
    journal={arXiv preprint arXiv:1807.07155},
    year={2018}
}




@article{real2000classification,
    title={Classification of landscapes using quantitative and categorical data, and prediction of their scenic beauty in north-western Spain},
    author={Real, Eulogio and Arce, Constantino and Sabucedo, Jos{\'e} Manuel},
    journal={Journal of environmental psychology},
    volume={20},
    number={4},
    pages={355--373},
    year={2000},
    publisher={Elsevier}
}


@article{giles2005increasing,
    title={Increasing walking: how important is distance to, attractiveness, and size of public open space?},
    author={Giles-Corti, Billie and Broomhall, Melissa H and Knuiman, Matthew and Collins, Catherine and Douglas, Kate and Ng, Kevin and Lange, Andrea and Donovan, Robert J},
    journal={{American Journal of Preventive Medicine}},
    volume={28},
    number={2},
    pages={169--176},
    year={2005},
    publisher={Elsevier}
}



@incollection{ulrich1983aesthetic,
    title={Aesthetic and affective response to natural environment},
    author={Ulrich, Roger S},
    booktitle={{Behavior and the Natural Environment}},
    pages={85--125},
    year={1983},
    publisher={Springer}
}

@book{kaplan1989experience,
    title={The experience of nature: A psychological perspective},
    author={Kaplan, Rachel and Kaplan, Stephen},
    year={1989},
    publisher={CUP Archive}
}

@inproceedings{quercia13maps,
    Author = {Daniele Quercia and Joao Paulo Pesce and Virgilio Almeida and Jon Crowcroft},
    Booktitle = {{Proceedings of ACM International Conference on World Wide Web (WWW)}},
    Title = {{Psychological Maps 2.0: A web gamification enterprise starting in London}},
    Year = {2013}
}


@article{ball2001perceived,
    title={Perceived environmental aesthetics and convenience and company are associated with walking for exercise among Australian adults},
    author={Ball, Kylie and Bauman, Adrian and Leslie, Eva and Owen, Neville},
    journal={{Journal of Preventive Medicine}},
    volume={33},
    number={5},
    pages={434--440},
    year={2001},
    publisher={Elsevier}
}


@article{moors2008exploring,
    title={Exploring the effect of a middle response category on response style in attitude measurement},
    author={Moors, Guy},
    journal={Quality and Quantity},
    volume={42},
    number={6},
    pages={779--794},
    year={2008},
    publisher={Springer}
}

@article{Agree2012,
    title={`Neither agree, nor disagree': a critical analysis of the middle answer category in Voting Advice Applications},
    author={Baka, Aphrodite and Figgou, Lia and Triga, Vasiliki},
    journal={International Journal of Electronic Governance},
    volume={5},
    number={3-4},
    pages={244--263},
    year={2012},
    publisher={Inderscience Publishers}
}


@book{lynch1960image,
    title={The image of the city},
    author={Lynch, Kevin},
    year={1960}
}



@ARTICLE{10.3389/fphy.2018.00027,
    AUTHOR={Hristova, Desislava and Aiello, Luca M. and Quercia, Daniele},   
    TITLE={The New Urban Success: How Culture Pays},      
    JOURNAL={Frontiers in Physics},      
    VOLUME={6},      
    PAGES={27},     
    YEAR={2018},      
    URL={https://www.frontiersin.org/article/10.3389/fphy.2018.00027},       
    DOI={10.3389/fphy.2018.00027},      
    ISSN={2296-424X}
}


@article{hanzl2007information,
    title={Information technology as a tool for public participation in urban planning: a review of experiments and potentials},
    author={Hanzl, Malgorzata},
    journal={Design Studies},
    volume={28},
    number={3},
    pages={289--307},
    year={2007},
    publisher={Elsevier}
}


@book{witten2016data,
    title={Data Mining: Practical machine learning tools and techniques},
    author={Witten, Ian H and Frank, Eibe and Hall, Mark A and Pal, Christopher J},
    year={2016},
    publisher={Morgan Kaufmann}
}


@article {sampson04seeing,
    title = {{Seeing Disorder: Neighborhood Stigma and the Social Construction of Broken Windows}},
    journal = {{Social Psychology Quarterly}},
    volume={67},
    number={4},
    year = {2004},
    author = {Robert J. Sampson and Stephen W. Raudenbush}
}


@inproceedings{speck12,
    author = {J. Speck},
    title = {{Walkable City: How Downtown Can Save America, One Step at a Time}},
    year = {2012},
    booktitle = {Farrar, Straus and Giroux},
}


@inproceedings{quercia15thedigital,
    author = {Quercia, Daniele and Aiello, Luca Maria and Schifanella, Rossano and Davies, Adam},
    title = {{The Digital Life of Walkable Streets}},
    booktitle = {{Proceedings of the 24th ACM Conference on World Wide Web (WWW)}},
    year = {2015},
    pages = {875--884}
} 

@article{lindal2012,
    title={Architectural variation, building height, and the restorative quality of urban residential streetscapes},
    author={Lindal, Pall Jakob and Hartig, Terry},
    journal={Journal of Environmental Psychology},
    year={2012},
    publisher={Elsevier}
}




@book{de2008architecture,
    title={{The Architecture of Happiness}},
    author={De Botton, A.},
    series={Vintage Series},
    year={2008},
    publisher={Knopf Doubleday Publishing Group}
}



@book{jacobs1961death,
    Author = {Jacobs, J.},
    Publisher = {{Random House}},
    Title = {{The Death and Life of Great American Cities}},
    Year = {1961}
}


@article{seresinhe2015quantifying,
    title={Quantifying the impact of scenic environments on health},
    author={Seresinhe, Chanuki Illushka and Preis, Tobias and Moat, Helen Susannah},
    journal={{Scientific Reports}},
    volume={5},
    pages={16899},
    year={2015},
    publisher={Nature Publishing Group}
}
@inproceedings{Law:2017:ACN:3149808.3149810,
    author = {Law, Stephen and Shen, Yao and Seresinhe, Chanuki},
    title = {An Application of Convolutional Neural Network in Street Image Classification: The Case Study of London},
    booktitle = {Proceedings of the 1st Workshop on Artificial Intelligence and Deep Learning for Geographic Knowledge Discovery},
    series = {GeoAI '17},
    year = {2017},
    isbn = {978-1-4503-5498-1},
    location = {Los Angeles, California},
    pages = {5--9},
    numpages = {5},
    url = {http://doi.acm.org/10.1145/3149808.3149810},
    doi = {10.1145/3149808.3149810},
    acmid = {3149810},
    publisher = {ACM},
    address = {New York, NY, USA},
} 

@inproceedings{DeNadai16,
    author = {De Nadai, Marco and Vieriu, Radu Laurentiu and Zen, Gloria and Dragicevic, Stefan and Naik, Nikhil and Caraviello, Michele and Hidalgo, Cesar Augusto and Sebe, Nicu and Lepri, Bruno},
    title = {{Are Safer Looking Neighborhoods More Lively?: A Multimodal Investigation into Urban Life}},
    booktitle = {{Proceedings of the ACM on Multimedia Conference (MM)}},
    year = {2016}
} 


@article{naik2017computer,
    title={Computer vision uncovers predictors of physical urban change},
    author={Naik, Nikhil and Kominers, Scott Duke and Raskar, Ramesh and Glaeser, Edward L and Hidalgo, C{\'e}sar A},
    journal={Proceedings of the National Academy of Sciences},
    volume={114},
    number={29},
    pages={7571--7576},
    year={2017},
    publisher={National Acad Sciences}
}

@article{mnih2015human,
    title={Human-level control through deep reinforcement learning},
    author={Mnih, Volodymyr and Kavukcuoglu, Koray and Silver, David and Rusu, Andrei A and Veness, Joel and Bellemare, Marc G and Graves, Alex and Riedmiller, Martin and Fidjeland, Andreas K and Ostrovski, Georg and others},
    journal={Nature},
    volume={518},
    number={7540},
    pages={529},
    year={2015},
    publisher={Nature Publishing Group}
}

@inproceedings{szegedy2013deep,
    title={Deep neural networks for object detection},
    author={Szegedy, Christian and Toshev, Alexander and Erhan, Dumitru},
    booktitle={{Advances in Neural Information Processing Systems}},
    pages={2553--2561},
    year={2013}
}

@inproceedings{arisoy2012deep,
    title={Deep neural network language models},
    author={Arisoy, Ebru and Sainath, Tara N and Kingsbury, Brian and Ramabhadran, Bhuvana},
    booktitle={{Proceedings of the NAACL-HLT Workshop}},
    pages={20--28},
    year={2012},
    organization={Association for Computational Linguistics}
}

@article{lecun2015deep,
    title={Deep learning},
    author={LeCun, Yann and Bengio, Yoshua and Hinton, Geoffrey},
    journal={nature},
    volume={521},
    number={7553},
    pages={436},
    year={2015},
    publisher={Nature Publishing Group}
}

@article{mao2014explain,
    title={Explain images with multimodal recurrent neural networks},
    author={Mao, Junhua and Xu, Wei and Yang, Yi and Wang, Jiang and Yuille, Alan L},
    journal={arXiv preprint arXiv:1410.1090},
    year={2014}
}

@inproceedings{karpathy2015deep,
    title={Deep visual-semantic alignments for generating image descriptions},
    author={Karpathy, Andrej and Fei-Fei, Li},
    booktitle={{Proceedings of the IEEE Conference on Computer Vision and Pattern Recognition (CVPR)}},
    pages={3128--3137},
    year={2015}
}

@article{workman2016,
    archivePrefix = {arXiv},
    arxivId = {1612.03142},
    author = {Workman, Scott and Souvenir, Richard and Jacobs, Nathan},
    doi = {10.1109/ICCV.2017.596},
    eprint = {1612.03142},
    pages = {5589--5598},
    title = {{Understanding and Mapping Natural Beauty}},
    url = {http://arxiv.org/abs/1612.03142},
    year = {2016}
}

@article{seresinhe2017using,
    title={Using deep learning to quantify the beauty of outdoor places},
    author={Seresinhe, Chanuki Illushka and Preis, Tobias and Moat, Helen Susannah},
    journal={{Royal Society Open Science}},
    volume={4},
    number={7},
    pages={170170},
    year={2017},
    publisher={The Royal Society}
}

@article{quercia2015smelly,
    title={Smelly maps: the digital life of urban smellscapes},
    author={Quercia, Daniele and Schifanella, Rossano and Aiello, Luca Maria and McLean, Kate},
    journal={arXiv preprint arXiv:1505.06851},
    year={2015}
}

@article{aiello2016chatty,
    title={Chatty maps: constructing sound maps of urban areas from social media data},
    author={Aiello, Luca Maria and Schifanella, Rossano and Quercia, Daniele and Aletta, Francesco},
    journal={{Royal Society Open Science}},
    volume={3},
    number={3},
    pages={150690},
    year={2016},
    publisher={The Royal Society}
}

@inproceedings{quercia2015chatty,
    title={Chatty, Happy, and Smelly Maps},
    author={Quercia, Daniele},
    booktitle={Proceedings of the 24th International Conference on World Wide Web},
    pages={741--741},
    year={2015},
    organization={ACM}
}


@article{gulrajani2017improved,
    title={Improved training of wasserstein gans},
    author={Gulrajani, Ishaan and Ahmed, Faruk and Arjovsky, Martin and Dumoulin, Vincent and Courville, Aaron},
    journal={arXiv preprint arXiv:1704.00028},
    year={2017}
}

@article{radford2015unsupervised,
    title={Unsupervised representation learning with deep convolutional generative adversarial networks},
    author={Radford, Alec and Metz, Luke and Chintala, Soumith},
    journal={arXiv preprint arXiv:1511.06434},
    year={2015}
}


@inproceedings{herbrich2007trueskill,
    title={TrueSkill: a Bayesian skill rating system},
    author={Herbrich, Ralf and Minka, Tom and Graepel, Thore},
    booktitle={{Advances in Neural Information Processing Systems}},
    pages={569--576},
    year={2007}
}

@book{ewing2013measuring,
    title={{Measuring Urban Design: Metrics for livable places}},
    author={Ewing, Reid and Clemente, Otto},
    year={2013},
    publisher={Island Press}
}

@book{alexander1977pattern,
    author={Alexander, Christopher},
    publisher = {{Oxford University Press}},
    title = {{A Pattern Language: Towns, Buildings, Constructions}},
    year = {1977}
}

@inproceedings{szegedy2015going,
    title={Going deeper with convolutions},
    author={Szegedy, Christian and Liu, Wei and Jia, Yangqing and Sermanet, Pierre and Reed, Scott and Anguelov, Dragomir and Erhan, Dumitru and Vanhoucke, Vincent and Rabinovich, Andrew},
    booktitle={{Proceedings of the IEEE Conference on Computer Vision and Pattern Recognition}},
    pages={1--9},
    year={2015}
}

@article{badrinarayanan2015segnet,
    title={Segnet: A deep convolutional encoder-decoder architecture for image segmentation},
    author={Badrinarayanan, Vijay and Kendall, Alex and Cipolla, Roberto},
    journal={arXiv preprint arXiv:1511.00561},
    year={2015}
}

@inproceedings{naik2014streetscore,
    title={Streetscore-predicting the perceived safety of one million streetscapes},
    author={Naik, Nikhil and Philipoom, Jade and Raskar, Ramesh and Hidalgo, C{\'e}sar},
    booktitle={{Proceedings of the IEEE Conference on Computer Vision and Pattern Recognition Workshop}},
    pages={779--785},
    year={2014}
}

@article{dubey2016deep,
    title={Deep learning the city: Quantifying urban perception at a global scale},
    author={Dubey, Abhimanyu and Naik, Nikhil and Parikh, Devi and Raskar, Ramesh and Hidalgo, C{\'e}sar A},
    journal={arXiv preprint arXiv:1608.01769},
    year={2016}
}

@inproceedings{nguyen2016synthesizing,
    title={Synthesizing the preferred inputs for neurons in neural networks via deep generator networks},
    author={Nguyen, Anh and Dosovitskiy, Alexey and Yosinski, Jason and Brox, Thomas and Clune, Jeff},
    booktitle={{Advances in Neural Information Processing Systems}},
    pages={3387--3395},
    year={2016}
}

@article{salesses2013collaborative,
    title={The collaborative image of the city: mapping the inequality of urban perception},
    author={Salesses, Philip and Schechtner, Katja and Hidalgo, C{\'e}sar A},
    journal={PloS one},
    volume={8},
    number={7},
    pages={e68400},
    year={2013},
    publisher={Public Library of Science}
}

@inproceedings{fontanini2016web,
    Author = {Fontanini, Giulia and others},
    Booktitle = {Proceedings of the 2016 ACM on ICMR},
    Organization = {ACM},
    Pages = {289--292},
    Title = {Web Video Popularity Prediction using Sentiment and Content Visual Features},
    Year = {2016}
}

@article{parislooklikeparis,
    title={What makes paris look like paris?},
    author={Doersch, Carl and Singh, Saurabh and Gupta, Abhinav and Sivic, Josef and Efros, Alexei},
    journal={{ACM Transactions on Graphics}},
    volume={31},
    number={4},
    year={2012}
}
@inproceedings{quercia2014shortest,
    title={The shortest path to happiness: Recommending beautiful, quiet, and happy routes in the city},
    author={Quercia, Daniele and Schifanella, Rossano and Aiello, Luca Maria},
    booktitle={{Proceedings of the 25th ACM Conference on Hypertext and Social Media}},
    pages={116--125},
    year={2014}
}

@inproceedings{quercia2014aesthetic,
    title={Aesthetic capital: what makes London look beautiful, quiet, and happy?},
    author={Quercia, Daniele and O'Hare, Neil Keith and Cramer, Henriette},
    booktitle={{Proceedings of the 17th ACM Conference on Computer Supported Cooperative Work and Social Computing (CSCW)}},
    pages={945--955},
    year={2014}
}

@inproceedings{Joo2014b,
    Author = {Joo, Jungseock and others},
    Booktitle = {Proceedings of the IEEE CVPR },
    Doi = {10.1109/CVPR.2014.35},
    Isbn = {9781479951178},
    Issn = {10636919},
    Keywords = {Communicative Intents,Human Attributes,Media Application,Visual Persuasion,Visual Sentiment Analysis},
    Pages = {216--223},
    Title = {{Visual persuasion: Inferring communicative intents of images}},
    Year = {2014},
    Bdsk-Url-1 = {http://dx.doi.org/10.1109/CVPR.2014.35}
    
}


@inproceedings{khosla2014makes,
    Author = {Khosla, Aditya and others},
    Booktitle = {Proceedings of the 23rd WWW},
    Organization = {International World Wide Web Conferences Steering Committee},
    Pages = {867--876},
    Title = {What makes an image popular?},
    Year = {2014}}

@inproceedings{wang2015inferring,
    Author = {Wang, Yilin and others},
    Booktitle = {Ninth ICWSM},
    Title = {Inferring Sentiment from Web Images with Joint Inference on Visual and Social Cues: A Regulated Matrix Factorization Approach},
    Year = {2015}}

@inproceedings{Isola2011,
    Author = {Phillip Isola and others},
    Booktitle = {IEEE CVPR},
    Pages = {145-152},
    Title = {What makes an image memorable?},
    Year = {2011}}

@inproceedings{jou2015visual,
    Author = {Jou, Brendan and others},
    Booktitle = {Proceedings of the 23rd ACM MM },
    Organization = {ACM},
    Pages = {159--168},
    Title = {Visual affect around the world: A large-scale multilingual visual sentiment ontology},
    Year = {2015}}

@inproceedings{dosovitskiy2016generating,
    title={Generating images with perceptual similarity metrics based on deep networks},
    author={Dosovitskiy, Alexey and Brox, Thomas},
    booktitle={{Advances in Neural Information Processing Systems}},
    pages={658--666},
    year={2016}
}


@inproceedings{schifanella2016detecting,
    Author = {Schifanella, Rossano and others},
    Booktitle = {Proceedings of the 2016 ACM MM },
    Organization = {ACM},
    Pages = {1136--1145},
    Title = {Detecting Sarcasm in Multimodal Social Platforms},
    Year = {2016}}

@inproceedings{redi20146,
    Author = {Redi, Miriam and Others},
    Booktitle = {Proceedings of the IEEE CVPR},
    Pages = {4272--4279},
    Title = {6 seconds of sound and vision: Creativity in micro-videos},
    Year = {2014}}


@inproceedings{schifanella2015image,
    Author = {Rossano Schifanella and others},
    Booktitle = {Proceedings of THE 9TH ICWSM 2015},
    Title = {An Image is Worth More than a Thousand Favorites: Surfacing the Hidden Beauty of Flickr Pictures},
    Year = {2015}}

@inproceedings{Wang:2015:USA:2832415.2832579,
    Acmid = {2832579},
    Author = {Wang, Yilin and others},
    Booktitle = {Proceedings of the 24th International Conference on Artificial Intelligence},
    Isbn = {978-1-57735-738-4},
    Publisher = {AAAI Press},
    Series = {IJCAI'15},
    Title = {Unsupervised Sentiment Analysis for Social Media Images},
    Url = {http://dl.acm.org/citation.cfm?id=2832415.2832579},
    Year = {2015},
    Bdsk-Url-1 = {http://dl.acm.org/citation.cfm?id=2832415.2832579}
}

@inproceedings{goodfellow2014generative,
    title={Generative adversarial nets},
    author={Goodfellow, Ian and Pouget-Abadie, Jean and Mirza, Mehdi and Xu, Bing and Warde-Farley, David and Ozair, Sherjil and Courville, Aaron and Bengio, Yoshua},
    booktitle={{Advances in Neural Information Processing Systems}},
    pages={2672--2680},
    year={2014}
}

@inproceedings{zhou2014learning,
    title={Learning deep features for scene recognition using places database},
    author={Zhou, Bolei and Lapedriza, Agata and Xiao, Jianxiong and Torralba, Antonio and Oliva, Aude},
    booktitle={{Advances in Neural Information Processing Systems}},
    pages={487--495},
    year={2014}
}

@inproceedings{dosovitskiy2016inverting,
    title={Inverting visual representations with convolutional networks},
    author={Dosovitskiy, Alexey and Brox, Thomas},
    booktitle={{Proceedings of the IEEE Conference on Computer Vision and Pattern Recognition}},
    pages={4829--4837},
    year={2016}
}

%Books%


@article{vaughn2008data,
    title={Data analysis using regression and multilevel/hierarchical models},
    author={Vaughn, Brandon K},
    journal={{Journal of Educational Measurement}},
    volume={45},
    number={1},
    pages={94--97},
    year={2008},
    publisher={Wiley Online Library}
}

%-----------------------------------------------------------------------------------------

% online support bib 

@article{yeger2004network,
    title={Network motifs in integrated cellular networks of transcription--regulation and protein--protein interaction},
    author={Yeger-Lotem, Esti and Sattath, Shmuel and Kashtan, Nadav and Itzkovitz, Shalev and Milo, Ron and Pinter, Ron Y and Alon, Uri and Margalit, Hanah},
    journal={Proceedings of the National Academy of Sciences},
    volume={101},
    number={16},
    pages={5934--5939},
    year={2004},
    publisher={National Acad Sciences}
}

@article{zhang2014dynamic,
    title={Dynamic motifs in socio-economic networks},
    author={Zhang, Xin and Shao, Shuai and Stanley, H Eugene and Havlin, Shlomo},
    journal={EPL (Europhysics Letters)},
    volume={108},
    number={5},
    pages={58001},
    year={2014},
    publisher={IOP Publishing}
}


@inproceedings{mikolov2013distributed,
    title={Distributed representations of words and phrases and their compositionality},
    author={Mikolov, Tomas and Sutskever, Ilya and Chen, Kai and Corrado, Greg S and Dean, Jeff},
    booktitle={Advances in neural information processing systems},
    pages={3111--3119},
    year={2013}
}

@article{milo2002network,
    title={Network motifs: simple building blocks of complex networks},
    author={Milo, Ron and Shen-Orr, Shai and Itzkovitz, Shalev and Kashtan, Nadav and Chklovskii, Dmitri and Alon, Uri},
    journal={Science},
    volume={298},
    number={5594},
    pages={824--827},
    year={2002},
    publisher={American Association for the Advancement of Science}
}

@article{holland1976local,
    title={Local structure in social networks},
    author={Holland, Paul W and Leinhardt, Samuel},
    journal={Sociological methodology},
    volume={7},
    pages={1--45},
    year={1976},
    publisher={JSTOR}
}

@article{Ackerman2008,
    archivePrefix = {arXiv},
    arxivId = {arXiv:1011.1669v3},
    author = {Ackerman, Bruce and Fishkin, James S.},
    doi = {10.1002/9780470690734.ch1},
    eprint = {arXiv:1011.1669v3},
    isbn = {9780470690734},
    issn = {09638016},
    journal = {Debating Deliberative Democracy},
    keywords = {Citizens,Deliberation day,Millian anxieties,National elections,Registered voters},
    pages = {7--30},
    pmid = {6528439},
    title = {{Deliberation Day}},
    year = {2008}
}


@article{Gonzalez-Bailon2010,
    author = {Gonzalez-Bailon, Sandra and Kaltenbrunner, Andreas and Banchs, Rafael E.},
    doi = {10.1057/jit.2010.2},
    file = {:Users/sagarj/Dropbox/Research/10.1.1.624.5311.pdf:pdf},
    isbn = {0268-3962$\backslash$r1466-4437},
    issn = {02683962},
    journal = {Journal of Information Technology},
    keywords = {Slashdot,e-deliberation,e-democracy,online forums,political discussions,radial trees,social networks},
    number = {2},
    pages = {230--243},
    publisher = {Palgrave Macmillan},
    title = {{The structure of political discussion networks: A model for the analysis of online deliberation}},
    url = {http://dx.doi.org/10.1057/jit.2010.2},
    volume = {25},
    year = {2010}
}

@article{
    info:doi/10.2196/jmir.8219,
    author="Park, Albert and Conway, Mike",
    title="Harnessing Reddit to Understand the Written-Communication Challenges Experienced by Individuals With Mental Health Disorders: Analysis of Texts From Mental Health Communities",
    journal="J Med Internet Res",
    year="2018",
    month="Apr",
    day="10",
    volume="20",
    number="4",
    pages="e121",
    issn="1438-8871",
    doi="10.2196/jmir.8219",
    url="http://www.jmir.org/2018/4/e121/",
}



@phdthesis{Garimella,
    author = {Garimella, Kiran},
    school = {Aalto University},
    title = {{Polarization on Social media}}
}


@article{Joglekar2018,
    author = {Joglekar, Sagar and Sastry, Nishanth and Coulson, Neil S and Taylor, Stephanie JC and Patel, Anita and Duschinsky, Robbie and Anand, Amrutha and {Jameson Evans}, Matt and Griffiths, Chris J and Sheikh, Aziz and Panzarasa, Pietro and {De Simoni}, Anna},
    doi = {10.2196/jmir.9952},
    file = {:Users/sagarj/Dropbox/Research/JMIR2018{\_}Joglekar.pdf:pdf},
    issn = {1438-8871},
    journal = {Journal of Medical Internet Research},
    keywords = {asthma,chronic obstructive pulmonary disease,copd,digital health social network,network analysis,online community,online forums,self-management,superusers},
    number = {7},
    pages = {e238},
    pmid = {29997105},
    title = {{How Online Communities of People With Long-Term Conditions Function and Evolve: Network Analysis of the Structure and Dynamics of the Asthma UK and British Lung Foundation Online Communities}},
    url = {http://www.jmir.org/2018/7/e238/},
    volume = {20},
    year = {2018}
}


@inproceedings{Kavuluru:2016:CHC:2975167.2975170,
    author = {Kavuluru, Ramakanth and Ramos-Morales, Mar\'{\i}a and Holaday, Tara and Williams, Amanda G. and Haye, Laura and Cerel, Julie},
    title = {Classification of Helpful Comments on Online Suicide Watch Forums},
    booktitle = {Proceedings of the 7th ACM International Conference on Bioinformatics, Computational Biology, and Health Informatics},
    series = {BCB '16},
    year = {2016},
    isbn = {978-1-4503-4225-4},
    location = {Seattle, WA, USA},
    pages = {32--40},
    numpages = {9},
    url = {http://doi.acm.org/10.1145/2975167.2975170},
    doi = {10.1145/2975167.2975170},
    acmid = {2975170},
    publisher = {ACM},
    address = {New York, NY, USA},
    keywords = {suicide prevention, text classification},
} 

@article{park2018examining,
    title={Examining thematic similarity, difference, and membership in three online mental health communities from reddit: a text mining and visualization approach},
    author={Park, Albert and Conway, Mike and Chen, Annie T},
    journal={Computers in human behavior},
    volume={78},
    pages={98--112},
    year={2018},
    publisher={Elsevier}
}



@article{Sievert2014,
    archivePrefix = {arXiv},
    arxivId = {arXiv:1011.1669v3},
    author = {Sievert, Carson and Shirley, Kenneth},
    doi = {10.1.1.100.1089},
    eprint = {arXiv:1011.1669v3},
    file = {:Users/sagarj/Dropbox/Research/sievert-illvi2014.pdf:pdf},
    isbn = {1932432655},
    issn = {10495258},
    journal = {Proceedings of the Workshop on Interactive Language Learning, Visualization, and Interfaces},
    pages = {63--70},
    pmid = {25246403},
    title = {{LDAvis: A method for visualizing and interpreting topics}},
    url = {http://www.aclweb.org/anthology/W/W14/W14-3110},
    year = {2014}
}


@article{minkler2005improving,
    title={Improving health through community organization},
    author={Minkler, Meredith and Wallerstein, Nina},
    journal={Community organizing and community building for health},
    pages={26--51},
    year={2005}
}


@article{Batagelj2001,
    author = {Batagelj, Vladimir and Mrvar, Andrej},
    doi = {10.1016/S0378-8733(01)00035-1},
    issn = {03788733},
    journal = {Social Networks},
    keywords = {05C85,05C90,68R10,68W40,91D30,93A15,Algorithm,Large networks,Triad census},
    number = {3},
    pages = {237--243},
    title = {{A subquadratic triad census algorithm for large sparse networks with small maximum degree}},
    volume = {23},
    year = {2001}
}


@inproceedings{DeChoudhury2016,
    author = {De Choudhury, Munmun and Kiciman, Emre and Dredze, Mark and Coppersmith, Glen and Kumar, Mrinal},
    title = {Discovering Shifts to Suicidal Ideation from Mental Health Content in Social Media},
    booktitle = {Proceedings of the 2016 CHI Conference on Human Factors in Computing Systems},
    series = {CHI '16},
    year = {2016},
    isbn = {978-1-4503-3362-7},
    location = {San Jose, California, USA},
    pages = {2098--2110},
    numpages = {13},
    url = {http://doi.acm.org/10.1145/2858036.2858207},
    doi = {10.1145/2858036.2858207},
    acmid = {2858207},
    publisher = {ACM},
    address = {New York, NY, USA},
    keywords = {mental health, reddit, social media, suicidal ideation},
} 

@article{d20122,
    title={2 Social Networks: A New Source of Psychological Stress or a Way to Enhance Self-esteem? Negative and Positive Implications in Bronchial Asthma},
    author={Cecchi, L and Liccardi, G and Pellegrino, F and Sofia, M},
    journal={Journal of Investigational Allergology and Clinical Immunology},
    volume={22},
    number={6},
    pages={402},
    year={2012}
}


@article{gkotsis2017characterisation,
    title={Characterisation of mental health conditions in social media using Informed Deep Learning},
    author={Gkotsis, George},
    journal={Scientific Reports},
    volume={7},
    pages={45141},
    year={2017},
    publisher={Nature Publishing Group}
}

@article{DeChoudhury2014,
    author = {{De Choudhury}, Munmun and De, Sushovan},
    isbn = {9781577356578},
    journal = {Proceedings of the Eight International AAAI Conference on Weblogs and Social Media},
    keywords = {Full Papers},
    pages = {71--80},
    title = {{Mental Health Discourse on reddit: Self-Disclosure, Social Support, and Anonymity}},
    year = {2014}
}

@article{Blei2003,
    archivePrefix = {arXiv},
    arxivId = {1111.6189v1},
    author = {Blei, David M and Edu, Blei@cs Berkeley and Ng, Andrew Y and Edu, Ang@cs Stanford and Jordan, Michael I and Edu, Jordan@cs Berkeley},
    doi = {10.1162/jmlr.2003.3.4-5.993},
    eprint = {1111.6189v1},
    isbn = {9781577352815},
    issn = {15324435},
    journal = {Journal of Machine Learning Research},
    pages = {993--1022},
    pmid = {21362469},
    title = {{Latent Dirichlet Allocation}},
    volume = {3},
    year = {2003}
}
